2330 3846
228 311 266 372 70
368 307 505 369 OVIDII
530 257 932 368 Hirsuosfflossos

229 444 247 473 ‘⁴
255 439 361 513 vincis,
375 440 560 511 Anaxarete,
573 456 670 516 neque
683 443 774 497 erunt
787 438 847 498 tibi
859 440 961 500 taedia
974 442 1080 501 tandem

228 537 292 596 ulla
304 536 429 597 ferenda
441 535 509 596 mei.
530 535 627 595 laetos
640 535 745 595 molire
758 536 927 615 triumphos

177 669 214 708 μο
226 642 258 696 et
270 636 392 696 Paeana
403 654 477 694 vooa
489 634 647 711 nitidaque
659 634 812 713 incingere
826 635 921 696 lauru

229 733 326 793 vineis
338 733 427 804 enim,
441 732 610 809 moriorque
622 730 731 790 libens.
753 752 818 810 age,
832 732 939 808 ferrea,
954 734 1061 813 gaudet

230 836 311 889 certe
324 829 440 909 aliquid
453 827 575 887 laudere
589 829 649 886 mei
662 828 776 906 cogeris
789 830 907 888 amoris.

234 923 305 1008 [quo
318 927 378 986 tibi
391 927 449 986 eim
461 930 585 1004 gratus5
597 926 798 1003 meritumque
812 925 947 986 fatebere
960 923 1105 1005 nostrum]

231 1045 292 1084 non
305 1032 408 1085 tamen
421 1029 493 1083 ante
505 1023 554 1082 tui
567 1042 670 1082 euram
684 1024 845 1083 excessisse
858 1032 1018 1096 memento,

179 1154 214 1193 μς
229 1143 318 1201 quam
331 1124 445 1182 vitam:
466 1122 643 1200 geminaque
657 1121 747 1180 simul
760 1121 836 1179 mihi
850 1123 916 1180 luce
930 1123 1088 1182 carendum.
1138 1160 1139 1165 κ

231 1240 286 1279 neo
304 1222 363 1279 tibi
376 1220 458 1279 fama
470 1219 530 1278 mei
542 1223 672 1278 ventura
685 1224 732 1277 est
744 1221 855 1277 nuntia
868 1220 941 1293 leti;

233 1318 295 1395 ipse
309 1335 373 1394 ego,
387 1334 426 1375 ne
439 1314 568 1387 dubites,
583 1314 672 1374 adero
686 1334 883 1395 praesensque
897 1316 1029 1388 videbor,

233 1432 354 1491 corpere
368 1419 404 1471 ut
417 1414 548 1472 exanimi
560 1411 694 1472 crudelia
707 1412 823 1472 lumina
836 1432 948 1491 pascas.

233 1513 260 1569 si
273 1520 383 1584 tamen,
399 1530 417 1569 o
431 1511 540 1589 superi,
551 1509 693 1570 mortalia
705 1510 788 1569 faeta
800 1511 922 1584 videtis,

181 1639 218 1678 730
230 1614 294 1667 este
307 1609 366 1669 mei
378 1608 641 1667 memores-nihil
655 1608 737 1666 ultra
750 1607 854 1686 lingua
867 1611 981 1688 precari

234 1706 437 1767 sustinet-et
449 1705 539 1784 longo
552 1705 644 1764 facite
656 1711 693 1764 ut
706 1723 863 1764 narremur
877 1706 911 1764 in
923 1724 1013 1766 aevo:

235 1809 276 1877 et,
289 1822 366 1882 quae
380 1803 552 1882 dempsistis
565 1802 656 1875 vitae,
673 1803 743 1861 date
756 1808 892 1881 tempora
906 1802 1032 1862 famae.'’
1140 1850 1141 1879 3

234 1901 322 1974 dixit,
337 1901 421 1960 etad
434 1905 534 1978 postes
548 1905 670 1958 ornatos
684 1919 771 1977 saepe
783 1900 899 1959 coronis

235 2003 372 2057 umentes
385 1997 486 2056 oeulos
500 2002 532 2056 et
545 1996 659 2076 pallida
672 1996 811 2056 braoohia
824 1997 944 2070 tollens,

182 2127 219 2166 733
232 2115 300 2154 oum
313 2094 429 2153 foribus
443 2094 542 2171 laquei
555 2094 697 2171 religaret
711 2093 832 2152 vincula
846 2096 979 2168 summis,

236 2197 254 2225 “
264 2192 337 2250 haee
351 2190 410 2250 tibi
424 2196 505 2250 serta
531 2190 659 2268 placent,
673 2191 804 2250 erudelis
817 2197 849 2250 et
861 2192 964 2270 inpiai
973 2193 990 2220 ’⁹
1006 2192 1087 2262 dixit,

234 2289 420 2366 inseruitque
434 2294 533 2366 eaput,
549 2288 600 2347 sed
614 2293 680 2346 tum
694 2307 810 2367 quoque
823 2306 928 2349 versus
941 2290 980 2349 ad
994 2290 1082 2362 illam,
1141 2354 1142 2359 η

235 2393 326 2464 atque
340 2404 415 2444 onus
428 2385 536 2444 infelix
550 2385 623 2443 elisa
636 2384 722 2447 fauce
735 2386 884 2464 pependit.
1140 2404 1142 2465 4

1140 2468 1142 2557 t

237 2576 673 2642 Histoduwastotmtmnetots's
688 2566 1142 2640 mettenondtuterwtttsorrou'

504 2641 764 2707 mammone
775 2642 868 2692 aas.

235 2777 297 2836 iota
309 2776 419 2855 pedum
430 2781 516 2835 motu
529 2771 744 2856 [trepidantem
756 2782 787 2835 et
801 2775 898 2834 multa
910 2775 1067 2835 timentem

186 2906 221 2945 μα
233 2875 300 2934 visa
314 2874 432 2933 dedisse
446 2870 563 2953 sonum]
578 2879 625 2932 est
638 2873 838 2952 adapertaque
851 2872 942 2931 ianua
954 2872 1067 2932 festum

237 2972 376 3050 prodidit
401 2972 569 3031 exclamant
582 2971 689 3031 famuli
702 2972 875 3049 frustraque
888 2970 1061 3030 levatum-

328 3152 375 3202 72³
391 3149 445 3198 riae
455 3144 567 3196 emen
724 3142 771 3195 724
788 3156 873 3192 euram
884 3142 1026 3194 ressisselt

328 3214 407 3265 78³4
419 3212 492 3260 unsis
503 3210 607 3259 desolasti
617 3208 652 3258 Μ.
727 3209 817 3260 sss-40
833 3209 886 3257 sine
897 3211 969 3256 waere
981 3209 1017 3256 n.
