2330 3846
448 298 575 357 LIBER
606 298 688 357 XIV.
949 300 988 359 55

86 556 151 608 Sko
174 556 274 605 dautes
291 555 336 603 laer
356 554 414 613 lose,
435 554 488 602 aad
506 553 561 602 talla
578 553 633 602 tim
652 554 696 603 lar
714 569 788 604 name
805 556 857 604 aad
878 555 979 616 limace.

87 622 138 671 Ha
157 635 241 683 proves
253 620 308 669 still
324 622 442 677 wamiam,
455 618 508 666 aad
524 618 555 679 by
565 618 610 666 tar
619 623 763 668 reserantem
779 621 802 668 ia
818 620 984 680 transformat

433 683 651 744 tcawoodpeclccr.

90 855 194 910 nacte
206 850 302 909 locum
314 855 492 926 tempusque
507 855 585 925 ‘per,
601 868 627 917 o,
643 854 698 906 tua
712 849 847 918 lumina,'
863 849 942 907 dixit

93 956 197 1026 ‘qnae
216 968 281 1007 mea
301 952 455 1025 oeperunt,
476 965 587 1023 perque
608 946 694 1019 hanc,
712 946 920 1022 pulcherrime,
936 946 995 1004 lor·

184 1065 271 1113 mam,

92 1162 179 1221 quae
193 1142 275 1211 facit,
290 1147 327 1199 ut
340 1140 466 1219 supplex
478 1140 537 1198 tibi
552 1140 608 1197 sim
623 1140 687 1209 dea,
699 1141 820 1200 consule
835 1140 948 1199 nostris

94 1239 225 1317 ignibus
238 1244 271 1297 et
285 1257 428 1307 socerum,
441 1239 494 1314 qui
508 1237 646 1314 pervidet
661 1238 769 1306 omnia,
786 1238 885 1297 Solem
1012 1268 1048 1307 ³75

95 1338 212 1413 accipe,
226 1355 281 1394 nec
294 1336 388 1394 durus
401 1334 544 1395 Titanida
558 1335 675 1412 despice
689 1335 813 1395 Oircen’

96 1435 233 1494 dixerat.
255 1432 309 1491 ille
321 1432 407 1491 ferox
420 1432 573 1510 ipsamque
586 1451 745 1511 precesque
758 1433 879 1510 repellit

97 1538 135 1591 et
149 1539 370 1609 ‘quaecumque
384 1530 435 1600 es,’
450 1530 495 1587 ait
510 1538 589 1588 ‘non
604 1550 670 1588 sum
683 1534 762 1589 tuus.
779 1530 876 1589 altera
889 1536 1010 1609 captum

98 1648 150 1687 me
164 1633 261 1698 tenet,
276 1632 308 1684 et
322 1631 425 1684 teneat
439 1627 637 1704 perlongum,
654 1645 831 1703 comprecor,
846 1647 960 1686 aevum.

99 1745 157 1783 nec
171 1723 294 1781 Venere
307 1729 431 1780 externa
445 1722 566 1781 socialia
579 1724 700 1781 foedera
714 1723 838 1793 laedam,
1015 1744 1052 1793 seo

100 1821 176 1878 dum
192 1819 267 1876 mihi
282 1818 457 1895 Ianigenam
471 1821 636 1878 servabunt
649 1819 715 1876 fata
729 1821 913 1879 Canentem!

100 1934 196 1994 saepe
208 1915 399 1991 retemptatis
413 1915 550 1993 precibus
564 1916 685 1974 Titania
699 1916 823 1987 frustra,

102 2021 188 2071 ‘non
201 2013 313 2089 inpune
326 2013 414 2081 feres,
429 2012 541 2089 neque’
557 2015 601 2070 ait
617 2014 756 2072 ‘reddere
777 2015 907 2074 Oanenti
919 2020 925 2074 l
936 2016 942 2040 ’

101 2112 247 2187 laesaque
260 2109 332 2186 quid
346 2109 448 2180 faciat,
459 2111 531 2186 quid
546 2129 659 2182 amans,
670 2111 742 2188 quid
757 2111 869 2170 femina
884 2113 996 2171 disces!

102 2204 231 2288 [rebus,'
246 2207 290 2263 ait
306 2206 374 2264 ‘sed
388 2226 492 2264 amans
506 2212 538 2264 et
551 2207 633 2265 laesa
647 2214 678 2265 et
692 2208 804 2266 femina
818 2209 902 2267 Circe
913 2213 919 2267 l
930 2208 953 2289 ¹]
1014 2230 1050 2278 3a5

101 2311 176 2362 tum
190 2302 237 2360 bis
249 2303 288 2360 ad
302 2322 431 2374 occasus,
447 2303 494 2361 bis
507 2323 538 2361 se
552 2304 704 2362 convertit
717 2307 756 2363 ad
771 2312 865 2375 ortus,

101 2407 157 2458 ter
170 2400 309 2457 iuvenem
322 2399 428 2458 baculo
441 2400 556 2477 tetigit,
570 2401 632 2459 tria
645 2402 777 2460 carmina
790 2402 876 2461 dixit.

103 2497 162 2556 ille
177 2496 266 2574 fugit,
281 2497 333 2555 sed
348 2517 379 2555 se
393 2497 483 2555 solito
496 2499 628 2557 velocius
641 2500 705 2576 ipse

103 2612 229 2653 currere
241 2593 377 2652 miratur.
398 2613 512 2670 pennas
525 2594 558 2652 in
571 2615 692 2672 corpore
705 2596 801 2654 vidit:

105 2708 201 2766 seque
214 2708 322 2748 novam
337 2690 437 2749 subito
452 2691 548 2749 Latiis
562 2693 700 2751 accedere
717 2693 802 2751 silvis
1017 2726 1054 2767 ³9⁰

105 2786 288 2863 indignatus
301 2806 395 2857 avem,
411 2788 486 2845 duro
500 2787 565 2846 fera
578 2789 685 2847 robora
698 2795 796 2848 rostro

106 2884 180 2962 figit
193 2890 224 2942 et
237 2884 333 2943 iratus
347 2885 446 2962 longis
461 2885 513 2942 dat
528 2887 654 2945 vulnera
667 2888 767 2946 ramis.

106 3000 293 3060 purpureum
307 2982 472 3059 chlamydis
486 3003 601 3060 pennae
615 2991 734 3043 traxere
747 2985 892 3054 colorem;

107 3076 206 3137 fibula
219 3079 297 3154 quod
311 3079 411 3137 fuerat
424 3085 597 3157 vestemque
611 3083 811 3141 momorderat
825 3101 940 3152 aurum,

106 3276 157 3330 ³77
177 3273 300 3340 relinquit
310 3275 342 3325 R.
410 3275 458 3325 884
473 3274 546 3324 aucis
556 3275 702 3326 taclaoitld.
771 3277 819 3326 885
835 3279 1004 3332 amamus,
