2330 3846
433 319 562 379 nlBuR
592 319 674 379 XIV.
939 316 977 374 63

83 454 282 531 Neritiaeque
294 452 371 510 ratis
384 450 527 510 viderunt
541 450 692 528 fragmina
704 449 794 508 laetis

82 550 236 621 vultibus,
250 555 282 607 et
294 549 384 607 laetis
397 547 500 605 videre
513 547 659 624 rigescere
671 547 793 623 puppim

82 647 227 705 vultibus
239 647 362 704 Alcinoi
375 663 538 721 saxumque
551 644 714 702 increscere
727 643 820 720 ligno.
997 658 1032 708 ⁵⁶⁵

87 850 147 900 ruo
168 849 273 899 Rutulae
288 849 343 898 still
359 849 480 910 waninc,
500 848 587 898 Ardea
605 847 671 897 their
687 847 755 909 chirs
769 848 819 909 city
836 847 860 895 ie
877 846 970 895 dmm

15 984 16 993 ἵ
83 915 153 965 with
163 915 221 978 firc.
257 915 332 964 thn
348 915 381 962 ta
393 912 696 1027 qehcqslffaqqfflrca,
709 912 790 961 wtr‘ct
800 914 830 961 in
840 912 879 960 the
893 911 971 959 Latin

396 992 420 1026 w
537 993 569 1026 (tr
616 1015 621 1027 .

143 1087 217 1166 Spes
231 1091 306 1155 erat,
320 1086 354 1143 in
368 1087 515 1164 nymphas
529 1087 662 1143 animata
676 1085 769 1144 classe
786 1085 917 1143 marinas

84 1204 176 1265 posse
189 1189 274 1243 metu
286 1183 416 1242 monstri
429 1184 580 1240 Rutulum
591 1184 733 1241 desistere
747 1182 835 1243 bello.

84 1287 217 1362 perstat,
232 1281 381 1357 habetque
396 1282 466 1339 deos
480 1299 550 1358 pars
564 1286 701 1356 utraque,
712 1280 849 1358 quodque
863 1280 982 1338 deorum

187 1383 235 1436 est

84 1480 199 1547 instar,
215 1475 329 1533 habent
343 1475 465 1533 animos.
508 1494 563 1533 nec
576 1475 636 1531 iam
651 1474 763 1533 dotalia
776 1494 877 1552 regna,

84 1594 143 1632 nec
158 1576 312 1649 sceptrum
325 1571 426 1641 soceri,
438 1590 492 1629 nec
505 1576 546 1640 te,
561 1570 690 1629 Lavinia
703 1572 798 1648 virgo,
1002 1602 1039 1641 ⁵70

84 1671 143 1730 sed
158 1669 267 1727 vicisse
279 1674 390 1746 petunt
403 1667 629 1745 deponendique
642 1668 755 1745 pudore

84 1765 174 1826 bella
190 1770 307 1840 genmt.
350 1764 530 1840 tandemque
544 1763 649 1821 Venus
662 1765 799 1822 victricia
812 1766 877 1822 nati

83 1882 179 1923 arma
191 1861 284 1930 videt,
298 1862 475 1937 Turnusque
488 1862 585 1920 cadit:
607 1862 688 1919 cadit
701 1863 812 1932 Ardea,
825 1863 927 1920 Turno

84 1959 207 2036 sospite
221 1958 301 2015 dicta
313 1963 427 2034 potens.
460 1977 549 2034 quam
563 1963 721 2035 postquam
735 1958 895 2018 Dardanus
907 1959 987 2037 ignis

84 2055 233 2125 abstulit,
247 2059 279 2112 et
292 2055 395 2132 tepida
407 2055 565 2113 latuerunt
579 2061 660 2113 tecta
674 2056 788 2129 favilla,
1005 2084 1039 2126 ur

85 2151 233 2228 congerie
246 2169 262 2208 e
275 2151 453 2208 mediatum
467 2152 596 2227 primum
613 2153 735 2228 cognita
747 2171 870 2230 praepes

88 2247 245 2316 subvolat,
261 2253 292 2305 et
306 2249 420 2305 cineres
434 2247 546 2325 plausis
560 2249 715 2307 everberat
729 2249 793 2308 alis.

87 2350 127 2404 et
141 2363 232 2402 sonus
244 2349 277 2402 et
289 2344 398 2403 macies
411 2349 443 2401 et
456 2344 553 2421 pallor
566 2352 598 2404 et
611 2347 720 2418 omnia,
731 2352 849 2423 captam

88 2458 173 2519 qnae
186 2439 309 2498 deceant
323 2442 437 2510 urbem,
452 2460 560 2499 nomen
573 2462 690 2519 quoque
703 2444 816 2501 mansit
829 2444 862 2501 in
875 2444 930 2501 illa

89 2536 200 2609 urbis3
220 2542 251 2594 et
262 2535 330 2612 ipsa
342 2537 405 2595 suis
419 2537 613 2615 deplangitur
627 2538 729 2597 Ardea
743 2539 857 2616 pennis.
1006 2560 1043 2609 sao

89 2737 199 2801 Jupiter
214 2745 299 2800 prusti
318 2738 358 2788 the
370 2753 465 2803 prayer
475 2741 509 2817 'of
530 2741 612 2855 mr
625 2741 679 2791 that
695 2742 740 2793 tar
757 2757 802 2793 acu
816 2758 877 2807 may
891 2744 979 2795 imma

468 2819 531 2855 cmm
597 2843 603 2857 .

136 2911 264 2987 Iamque
277 2911 347 2970 deos
361 2932 462 2972 omnes
476 2915 630 2992 ipsamque
642 2918 759 2977 Aeneia
771 2920 871 2978 virtus

90 3010 246 3069 Iunonem
259 3014 375 3068 veteres
388 3011 474 3069 finire
487 3016 624 3090 coegerat
638 3015 715 3074 irae:

90 3125 176 3174 cum,
189 3105 265 3164 bene
277 3105 413 3166 fundatis
426 3108 532 3185 opibus
546 3112 706 3170 crescentis
718 3111 790 3186 Iuli,

129 3254 180 3306 564
197 3252 276 3305 laetae
287 3254 322 3305 M.
392 3256 439 3306 505
456 3259 540 3308 cmm't
550 3260 586 3309 M.
656 3259 728 3312 5624
745 3263 817 3312 unct&
827 3263 930 3315 inlusit
941 3263 977 3319 M.
