2322 3848
425 297 554 355 LIBER
584 298 677 355 XIII.
952 301 970 357 9

76 427 159 484 hunc
172 430 276 483 tamen
289 425 409 484 utilitas
423 426 527 504 populi
540 426 694 503 fraterque
705 427 829 504 datique

76 537 194 577 summa
208 525 310 577 movet
325 521 445 597 sceptri,
457 519 576 579 laudem
589 527 626 578 ut
642 541 709 579 cum
723 523 868 599 sanguine
882 529 987 599 penset

75 617 185 674 mittor
198 621 229 673 et
243 617 281 674 ad
295 622 432 691 matrem,
444 637 521 694 quae
533 637 595 677 non
609 619 766 691 hortanda,
779 620 830 678 sed
844 627 913 677 astu

76 713 252 790 decipienda
265 713 333 775 fuit.
357 734 416 790 quo
430 716 456 772 si
469 716 660 775 Telamonius
672 717 754 776 isset.

74 810 150 868 orba
163 809 227 868 suis
240 816 341 869 essent
355 812 446 870 etiam
459 832 539 870 nunc
553 812 649 872 lintea
662 815 770 872 ventis.
987 848 1021 888 ¹9⁵

271 992 323 1042 Hir
332 994 442 1055 ambasia
453 997 476 1042 to
490 993 563 1056 Troy,
576 993 629 1043 aad
638 994 672 1042 its
679 994 766 1056 parile.

73 1125 181 1183 mittor
194 1130 226 1183 et
239 1124 348 1183 Iliacas
362 1125 461 1183 audax
474 1132 577 1185 orator
589 1126 628 1183 ad
641 1145 732 1197 arces,

74 1222 198 1298 visaque
212 1228 245 1280 et
258 1223 374 1281 intrata
387 1229 435 1282 est
448 1224 529 1282 altae
542 1224 616 1281 mihi
630 1224 713 1281 ouria
726 1223 838 1281 Troiae.

73 1318 221 1396 plenaque
233 1319 331 1377 adhuc
344 1325 410 1378 erat
423 1320 477 1378 illa
490 1319 572 1380 viris.
615 1319 775 1377 interritus
789 1320 837 1397 egi
903 1318 905 1323 ’

74 1433 162 1491 qnam
175 1415 250 1473 mihi
263 1418 422 1475 mandarat
435 1436 621 1476 communem
635 1417 759 1475 Graecia
772 1437 900 1488 causam,

70 1531 236 1590 accusoque
249 1514 343 1572 Parin
356 1514 555 1592 praedamque
570 1515 777 1591 Helenamque
791 1534 910 1592 reposco
984 1545 1020 1572 ,ω

69 1615 102 1668 et
115 1629 221 1669 moveo
234 1611 389 1670 Priamum
402 1611 581 1687 Priamoque
594 1612 752 1670 Antenora
765 1611 909 1670 iunctum.

70 1713 104 1765 at
118 1707 208 1766 Paris
222 1714 255 1766 et
268 1709 380 1767 fratres
395 1714 427 1767 et
440 1709 492 1785 qui
506 1728 630 1786 rapuere
644 1708 700 1766 sub
714 1708 777 1780 illo,
830 1708 833 1713 ⁴

70 1803 123 1862 vix
133 1811 257 1862 tenuere
271 1806 476 1864 manus—sois
489 1806 553 1876 hoc,
568 1805 705 1863 Menelai
717 1805 920 1875 i-neiandaa,

70 1902 224 1979 primaque
238 1901 292 1959 lux
305 1903 402 1961 nostri
415 1909 514 1961 tecum
528 1902 590 1960 fuit
603 1903 657 1959 illa
667 1902 776 1979 pericli.

69 2082 134 2133 How
154 2083 185 2131 hc
202 2082 336 2131 damasiani
352 2081 392 2131 ite
409 2082 506 2142 Greeks,
525 2083 578 2130 aad
596 2097 686 2144 amorio
707 2082 773 2130 thom
790 2083 867 2144 Ajar,
882 2082 953 2143 from

69 2149 168 2210 rasciae
178 2147 218 2195 the
228 2147 309 2208 sicce:
327 2145 458 2209 wtcrcsora
469 2150 492 2195 to
502 2146 556 2195 iim
568 2147 662 2209 belotus
672 2146 711 2195 etc
722 2146 792 2208 ylory
802 2147 833 2208 os
839 2145 878 2195 tic
888 2146 953 2207 oster

414 2208 484 2260 dm
494 2210 523 2270 os
530 2212 608 2273 Ajaa.

69 2345 159 2423 longa
172 2345 286 2404 referre
298 2364 382 2402 mora
395 2349 442 2402 est
455 2363 531 2421 quae
544 2344 725 2421 consilioque
738 2363 886 2420 manuque
980 2374 1016 2410 ωε

68 2443 189 2501 utiliter
202 2442 259 2500 feci
275 2442 399 2520 spatiosi
412 2447 545 2519 tempore
558 2441 639 2500 belli.

67 2546 137 2617 post
149 2540 229 2599 acies
243 2540 354 2617 primas
367 2539 452 2598 urbis
464 2558 496 2597 se
506 2539 661 2599 moenibus
675 2539 776 2598 hostes

67 2636 245 2696 continuere
259 2638 321 2709 diu,
336 2656 391 2695 nec
405 2637 501 2715 aperti
515 2637 599 2714 copia
613 2637 724 2695 Martis

67 2734 132 2793 ulla
145 2734 227 2792 fuit:
250 2735 362 2793 decimo
377 2736 496 2793 demum
515 2734 714 2811 pugnavimus
728 2753 814 2791 anno.

66 2832 140 2909 qnid
155 2830 232 2889 iacis
244 2831 369 2902 interea,
383 2830 435 2907 qui
450 2830 503 2902 nil,
518 2830 576 2889 nisi
591 2830 713 2908 proelia,
728 2830 830 2888 nostii

65 2930 135 3008 quis
148 2933 222 2986 tuus
236 2948 307 2986 usus
320 2930 408 2987 erati
429 2947 498 2984 nam
513 2928 538 2984 si
552 2948 618 2985 mea
630 2927 711 2985 facta
724 2927 860 3003 requiris,

66 3026 206 3085 hostibus
221 3025 355 3097 insidior,
370 3025 466 3084 fossas
480 3025 645 3083 munimine
663 3026 759 3102 cingo,

65 3123 204 3183 consolor
217 3122 320 3195 socios,
335 3128 370 3180 ut
384 3121 467 3199 longi
480 3122 581 3180 taedia
595 3121 667 3179 belli
763 3176 768 3182 .

384 3279 431 3327 199
448 3276 669 3327 comministris
768 3285 771 3293 ’
