<?xml version="1.0" encoding="UTF-8"?>
<!DOCTYPE html PUBLIC "-//W3C//DTD XHTML 1.0 Transitional//EN"
    "http://www.w3.org/TR/xhtml1/DTD/xhtml1-transitional.dtd">
<html xmlns="http://www.w3.org/1999/xhtml" xml:lang="en" lang="en">
 <head>
  <title>
</title>
<meta http-equiv="Content-Type" content="text/html;charset=utf-8" />
  <meta name='ocr-system' content='tesseract 3.04.00' />
  <meta name='ocr-capabilities' content='ocr_page ocr_carea ocr_par ocr_line ocrx_word'/>
</head>
<body>
  <div class='ocr_page' id='page_1' title='image "./metamorphoseonx00ovidgoog/metamorphoseonx00ovidgoog_0172.png"; bbox 0 0 2330 3846; ppageno 0'>
   <div class='ocr_carea' id='block_1_1' title="bbox 409 305 988 367">
    <p class='ocr_par' dir='ltr' id='par_1_1' title="bbox 409 305 988 367">
     <span class='ocr_line' id='line_1_1' title="bbox 409 305 988 367; baseline -0.009 0"><span class='ocrx_word' id='word_1_1' title='bbox 409 308 535 367; x_wconf 74' lang='lat' dir='ltr'><em>LIBER</em></span> <span class='ocrx_word' id='word_1_2' title='bbox 562 308 643 366; x_wconf 82' lang='lat' dir='ltr'><em>XIV.</em></span> <span class='ocrx_word' id='word_1_3' title='bbox 952 305 988 362; x_wconf 78' lang='lat'>⁷5</span> 
     </span>
    </p>
   </div>
   <div class='ocr_carea' id='block_1_2' title="bbox 55 438 1057 2235">
    <p class='ocr_par' dir='ltr' id='par_1_2' title="bbox 93 438 1042 510">
     <span class='ocr_line' id='line_1_2' title="bbox 93 438 1042 510; baseline -0.006 -12"><span class='ocrx_word' id='word_1_4' title='bbox 93 439 175 498; x_wconf 67' lang='lat' dir='ltr'>siste</span> <span class='ocrx_word' id='word_1_5' title='bbox 188 445 257 497; x_wconf 76' lang='lat' dir='ltr'>tuos</span> <span class='ocrx_word' id='word_1_6' title='bbox 269 438 367 510; x_wconf 69' lang='lat' dir='ltr'>fletus,</span> <span class='ocrx_word' id='word_1_7' title='bbox 382 447 414 497; x_wconf 80' lang='lat' dir='ltr'>et</span> <span class='ocrx_word' id='word_1_8' title='bbox 428 438 454 496; x_wconf 88' lang='lat' dir='ltr'>si</span> <span class='ocrx_word' id='word_1_9' title='bbox 468 438 526 495; x_wconf 75' lang='lat' dir='ltr'>tibi</span> <span class='ocrx_word' id='word_1_10' title='bbox 540 457 612 496; x_wconf 85' lang='lat' dir='ltr'>eure</span> <span class='ocrx_word' id='word_1_11' title='bbox 626 439 749 497; x_wconf 88' lang='lat' dir='ltr'>videndi</span> <span class='ocrx_word' id='word_1_12' title='bbox 1006 453 1042 502; x_wconf 66' lang='lat' dir='ltr'>e„</span> 
     </span>
    </p>

    <p class='ocr_par' dir='ltr' id='par_1_3' title="bbox 94 533 883 614">
     <span class='ocr_line' id='line_1_3' title="bbox 94 533 883 614; baseline -0.003 -20"><span class='ocrx_word' id='word_1_13' title='bbox 94 535 236 613; x_wconf 83' lang='lat' dir='ltr'>eoniugis</span> <span class='ocrx_word' id='word_1_14' title='bbox 248 540 303 606; x_wconf 75' lang='lat' dir='ltr'>est,</span> <span class='ocrx_word' id='word_1_15' title='bbox 319 535 393 594; x_wconf 83' lang='lat' dir='ltr'>duee</span> <span class='ocrx_word' id='word_1_16' title='bbox 407 554 455 595; x_wconf 90' lang='lat' dir='ltr'>me</span> <span class='ocrx_word' id='word_1_17' title='bbox 468 534 569 594; x_wconf 82' lang='lat' dir='ltr'>lucum</span> <span class='ocrx_word' id='word_1_18' title='bbox 581 540 659 614; x_wconf 72' lang='lat' dir='ltr'>pete,</span> <span class='ocrx_word' id='word_1_19' title='bbox 674 535 750 595; x_wconf 87' lang='lat' dir='ltr'>eolle</span> <span class='ocrx_word' id='word_1_20' title='bbox 763 533 883 605; x_wconf 79' lang='lat' dir='ltr'>Quirini</span> 
     </span>
    </p>

    <p class='ocr_par' dir='ltr' id='par_1_4' title="bbox 55 627 879 710">
     <span class='ocr_line' id='line_1_4' title="bbox 55 627 879 710; baseline -0.002 -20"><span class='ocrx_word' id='word_1_21' title='bbox 55 627 58 632; x_wconf 74' lang='grc'><strong>’</strong></span> <span class='ocrx_word' id='word_1_22' title='bbox 94 632 152 710; x_wconf 90' lang='lat' dir='ltr'>qui</span> <span class='ocrx_word' id='word_1_23' title='bbox 166 633 245 689; x_wconf 75' lang='lat' dir='ltr'>viret</span> <span class='ocrx_word' id='word_1_24' title='bbox 258 637 290 690; x_wconf 77' lang='lat' dir='ltr'>el</span> <span class='ocrx_word' id='word_1_25' title='bbox 303 632 450 709; x_wconf 75' lang='lat' dir='ltr'>templum</span> <span class='ocrx_word' id='word_1_26' title='bbox 463 631 593 690; x_wconf 75' lang='lat' dir='ltr'>Romani</span> <span class='ocrx_word' id='word_1_27' title='bbox 605 634 686 710; x_wconf 79' lang='lat' dir='ltr'>regis</span> <span class='ocrx_word' id='word_1_28' title='bbox 699 630 879 691; x_wconf 67' lang='lat' dir='ltr'>obumbret!</span> 
     </span>
    </p>

    <p class='ocr_par' dir='ltr' id='par_1_5' title="bbox 95 724 839 802">
     <span class='ocr_line' id='line_1_5' title="bbox 95 724 839 802; baseline 0.001 -22"><span class='ocrx_word' id='word_1_29' title='bbox 95 730 195 802; x_wconf 76' lang='lat' dir='ltr'>paret,</span> <span class='ocrx_word' id='word_1_30' title='bbox 209 729 241 781; x_wconf 77' lang='lat' dir='ltr'>et</span> <span class='ocrx_word' id='word_1_31' title='bbox 254 725 287 781; x_wconf 89' lang='lat' dir='ltr'>in</span> <span class='ocrx_word' id='word_1_32' title='bbox 301 730 414 782; x_wconf 77' lang='lat' dir='ltr'>terrem</span> <span class='ocrx_word' id='word_1_33' title='bbox 429 725 527 801; x_wconf 75' lang='lat' dir='ltr'>pictos</span> <span class='ocrx_word' id='word_1_34' title='bbox 541 724 661 802; x_wconf 73' lang='lat' dir='ltr'>delapsa</span> <span class='ocrx_word' id='word_1_35' title='bbox 675 742 729 802; x_wconf 87' lang='lat' dir='ltr'>per</span> <span class='ocrx_word' id='word_1_36' title='bbox 742 742 839 792; x_wconf 78' lang='lat' dir='ltr'>arcus,</span> 
     </span>
    </p>

    <p class='ocr_par' dir='ltr' id='par_1_6' title="bbox 98 820 754 898">
     <span class='ocr_line' id='line_1_6' title="bbox 98 820 754 898; baseline -0.002 -19"><span class='ocrx_word' id='word_1_37' title='bbox 98 821 267 879; x_wconf 84' lang='lat' dir='ltr'>Hersiliam</span> <span class='ocrx_word' id='word_1_38' title='bbox 280 820 369 879; x_wconf 86' lang='lat' dir='ltr'>iussis</span> <span class='ocrx_word' id='word_1_39' title='bbox 383 820 535 898; x_wconf 76' lang='lat' dir='ltr'>conpellet</span> <span class='ocrx_word' id='word_1_40' title='bbox 547 823 671 881; x_wconf 81' lang='lat' dir='ltr'>vocibus</span> <span class='ocrx_word' id='word_1_41' title='bbox 685 822 754 879; x_wconf 89' lang='lat' dir='ltr'>Iris.</span> 
     </span>
    </p>

    <p class='ocr_par' dir='ltr' id='par_1_7' title="bbox 99 917 766 977">
     <span class='ocr_line' id='line_1_7' title="bbox 99 917 766 977; baseline -0.001 -2"><span class='ocrx_word' id='word_1_42' title='bbox 99 918 157 975; x_wconf 80' lang='lat' dir='ltr'>ille.</span> <span class='ocrx_word' id='word_1_43' title='bbox 171 918 339 977; x_wconf 78' lang='lat' dir='ltr'>verecundo</span> <span class='ocrx_word' id='word_1_44' title='bbox 353 917 406 977; x_wconf 83' lang='lat' dir='ltr'>vix</span> <span class='ocrx_word' id='word_1_45' title='bbox 420 918 532 976; x_wconf 73' lang='lat' dir='ltr'>tollens</span> <span class='ocrx_word' id='word_1_46' title='bbox 545 917 662 976; x_wconf 82' lang='lat' dir='ltr'>lumina</span> <span class='ocrx_word' id='word_1_47' title='bbox 676 917 766 976; x_wconf 75' lang='lat' dir='ltr'>vultu</span> 
     </span>
    </p>

    <p class='ocr_par' dir='ltr' id='par_1_8' title="bbox 101 1014 990 1181">
     <span class='ocr_line' id='line_1_8' title="bbox 101 1014 990 1091; baseline -0.003 -19"><span class='ocrx_word' id='word_1_48' title='bbox 101 1021 136 1072; x_wconf 91' lang='lat'>‘0</span> <span class='ocrx_word' id='word_1_49' title='bbox 152 1014 216 1084; x_wconf 81' lang='lat' dir='ltr'>dee,</span> <span class='ocrx_word' id='word_1_50' title='bbox 230 1033 360 1091; x_wconf 84' lang='lat' dir='ltr'>nemque</span> <span class='ocrx_word' id='word_1_51' title='bbox 372 1014 446 1071; x_wconf 83' lang='lat' dir='ltr'>milri</span> <span class='ocrx_word' id='word_1_52' title='bbox 465 1032 528 1085; x_wconf 84' lang='lat' dir='ltr'>nee,</span> <span class='ocrx_word' id='word_1_53' title='bbox 543 1032 618 1091; x_wconf 79' lang='lat' dir='ltr'>quse</span> <span class='ocrx_word' id='word_1_54' title='bbox 637 1014 687 1084; x_wconf 91' lang='lat' dir='ltr'>sis,</span> <span class='ocrx_word' id='word_1_55' title='bbox 703 1014 800 1071; x_wconf 81' lang='lat' dir='ltr'>dicere</span> <span class='ocrx_word' id='word_1_56' title='bbox 817 1017 990 1090; x_wconf 80' lang='lat' dir='ltr'>promptum</span> 
     </span>
     <span class='ocr_line' id='line_1_9' title="bbox 184 1116 239 1181; baseline -0.018 -12"><span class='ocrx_word' id='word_1_57' title='bbox 184 1116 239 1181; x_wconf 78' lang='lat' dir='ltr'>est,</span> 
     </span>
    </p>

    <p class='ocr_par' dir='ltr' id='par_1_9' title="bbox 101 1204 901 1284">
     <span class='ocr_line' id='line_1_10' title="bbox 101 1204 901 1284; baseline -0.005 -17"><span class='ocrx_word' id='word_1_58' title='bbox 101 1213 132 1267; x_wconf 78' lang='lat' dir='ltr'>el</span> <span class='ocrx_word' id='word_1_59' title='bbox 147 1206 243 1284; x_wconf 78' lang='lat' dir='ltr'>liquet</span> <span class='ocrx_word' id='word_1_60' title='bbox 257 1226 320 1266; x_wconf 90' lang='lat' dir='ltr'>esse</span> <span class='ocrx_word' id='word_1_61' title='bbox 335 1207 428 1279; x_wconf 82' lang='lat' dir='ltr'>deam,</span> <span class='ocrx_word' id='word_1_62' title='bbox 445 1207 511 1277; x_wconf 85' lang='lat' dir='ltr'>due,</span> <span class='ocrx_word' id='word_1_63' title='bbox 526 1226 543 1264; x_wconf 90' lang='lat'><strong>0</strong></span> <span class='ocrx_word' id='word_1_64' title='bbox 558 1207 632 1265; x_wconf 85' lang='lat' dir='ltr'>due’</span> <span class='ocrx_word' id='word_1_65' title='bbox 648 1207 749 1284; x_wconf 76' lang='lat' dir='ltr'>inquil</span> <span class='ocrx_word' id='word_1_66' title='bbox 765 1213 815 1265; x_wconf 77' lang='lat' dir='ltr'>‘el</span> <span class='ocrx_word' id='word_1_67' title='bbox 831 1204 901 1264; x_wconf 82' lang='lat' dir='ltr'>offer</span> 
     </span>
    </p>

    <p class='ocr_par' dir='ltr' id='par_1_10' title="bbox 100 1304 853 1381">
     <span class='ocr_line' id='line_1_11' title="bbox 100 1304 853 1381; baseline -0.003 -18"><span class='ocrx_word' id='word_1_68' title='bbox 100 1305 236 1381; x_wconf 80' lang='lat' dir='ltr'>coniugis</span> <span class='ocrx_word' id='word_1_69' title='bbox 250 1323 304 1363; x_wconf 83' lang='lat' dir='ltr'>ore</span> <span class='ocrx_word' id='word_1_70' title='bbox 316 1304 399 1362; x_wconf 89' lang='lat' dir='ltr'>mihi.</span> <span class='ocrx_word' id='word_1_71' title='bbox 421 1322 497 1381; x_wconf 82' lang='lat' dir='ltr'>quee</span> <span class='ocrx_word' id='word_1_72' title='bbox 509 1305 536 1361; x_wconf 92' lang='lat' dir='ltr'>si</span> <span class='ocrx_word' id='word_1_73' title='bbox 549 1304 637 1362; x_wconf 89' lang='lat' dir='ltr'><strong>modo</strong></span> <span class='ocrx_word' id='word_1_74' title='bbox 651 1322 736 1381; x_wconf 90' lang='lat' dir='ltr'>posse</span> <span class='ocrx_word' id='word_1_75' title='bbox 750 1304 853 1362; x_wconf 86' lang='lat' dir='ltr'>videre</span> 
     </span>
    </p>

    <p class='ocr_par' dir='ltr' id='par_1_11' title="bbox 100 1399 878 1477">
     <span class='ocr_line' id='line_1_12' title="bbox 100 1399 878 1477; baseline -0.003 -18"><span class='ocrx_word' id='word_1_76' title='bbox 100 1402 169 1460; x_wconf 80' lang='lat' dir='ltr'>feta</span> <span class='ocrx_word' id='word_1_77' title='bbox 183 1401 273 1459; x_wconf 89' lang='lat' dir='ltr'>semel</span> <span class='ocrx_word' id='word_1_78' title='bbox 286 1399 432 1470; x_wconf 79' lang='lat' dir='ltr'>dederint,</span> <span class='ocrx_word' id='word_1_79' title='bbox 447 1401 562 1459; x_wconf 86' lang='lat' dir='ltr'>eeelum</span> <span class='ocrx_word' id='word_1_80' title='bbox 575 1402 722 1477; x_wconf 81' lang='lat' dir='ltr'>accepisse</span> <span class='ocrx_word' id='word_1_81' title='bbox 734 1400 878 1460; x_wconf 87' lang='lat' dir='ltr'>videbor.&#39;</span> 
     </span>
    </p>

    <p class='ocr_par' dir='ltr' id='par_1_12' title="bbox 101 1496 1045 1574">
     <span class='ocr_line' id='line_1_13' title="bbox 101 1496 1045 1574; baseline -0.001 -17"><span class='ocrx_word' id='word_1_82' title='bbox 101 1518 158 1557; x_wconf 85' lang='lat' dir='ltr'>nec</span> <span class='ocrx_word' id='word_1_83' title='bbox 170 1517 262 1566; x_wconf 81' lang='lat' dir='ltr'>more,</span> <span class='ocrx_word' id='word_1_84' title='bbox 275 1496 436 1555; x_wconf 87' lang='lat' dir='ltr'>Romuleos</span> <span class='ocrx_word' id='word_1_85' title='bbox 449 1515 518 1555; x_wconf 84' lang='lat' dir='ltr'>eum</span> <span class='ocrx_word' id='word_1_86' title='bbox 531 1497 648 1574; x_wconf 79' lang='lat' dir='ltr'>virgine</span> <span class='ocrx_word' id='word_1_87' title='bbox 661 1496 870 1554; x_wconf 74' lang='lat' dir='ltr'>Thaumenlee</span> <span class='ocrx_word' id='word_1_88' title='bbox 1010 1518 1045 1566; x_wconf 74' lang='lat'>⁸⁴⁵</span> 
     </span>
    </p>

    <p class='ocr_par' dir='ltr' id='par_1_13' title="bbox 101 1593 872 1674">
     <span class='ocr_line' id='line_1_14' title="bbox 101 1593 872 1674; baseline -0.005 -19"><span class='ocrx_word' id='word_1_89' title='bbox 101 1595 274 1674; x_wconf 78' lang='lat' dir='ltr'>ingreditur</span> <span class='ocrx_word' id='word_1_90' title='bbox 287 1594 386 1652; x_wconf 85' lang='lat' dir='ltr'>eolles.</span> <span class='ocrx_word' id='word_1_91' title='bbox 409 1594 452 1651; x_wconf 90' lang='lat' dir='ltr'>ibi</span> <span class='ocrx_word' id='word_1_92' title='bbox 468 1593 552 1652; x_wconf 86' lang='lat' dir='ltr'>sidus</span> <span class='ocrx_word' id='word_1_93' title='bbox 565 1595 604 1651; x_wconf 83' lang='lat' dir='ltr'>ab</span> <span class='ocrx_word' id='word_1_94' title='bbox 618 1593 739 1652; x_wconf 76' lang='lat' dir='ltr'>aethere</span> <span class='ocrx_word' id='word_1_95' title='bbox 753 1594 872 1671; x_wconf 78' lang='lat' dir='ltr'>lapsum</span> 
     </span>
    </p>

    <p class='ocr_par' dir='ltr' id='par_1_14' title="bbox 102 1689 786 1767">
     <span class='ocr_line' id='line_1_15' title="bbox 102 1689 786 1767; baseline -0.006 -15"><span class='ocrx_word' id='word_1_96' title='bbox 102 1692 217 1759; x_wconf 68' lang='lat' dir='ltr'>decidit</span> <span class='ocrx_word' id='word_1_97' title='bbox 229 1691 263 1748; x_wconf 88' lang='lat' dir='ltr'>in</span> <span class='ocrx_word' id='word_1_98' title='bbox 275 1696 382 1762; x_wconf 77' lang='lat' dir='ltr'>terras,</span> <span class='ocrx_word' id='word_1_99' title='bbox 397 1711 415 1748; x_wconf 86' lang='grc'>8</span> <span class='ocrx_word' id='word_1_100' title='bbox 428 1689 512 1748; x_wconf 90' lang='lat' dir='ltr'>euius</span> <span class='ocrx_word' id='word_1_101' title='bbox 527 1690 641 1747; x_wconf 88' lang='lat' dir='ltr'>lumine</span> <span class='ocrx_word' id='word_1_102' title='bbox 656 1690 786 1767; x_wconf 78' lang='lat' dir='ltr'>flagrans</span> 
     </span>
    </p>

    <p class='ocr_par' dir='ltr' id='par_1_15' title="bbox 102 1787 802 1849">
     <span class='ocr_line' id='line_1_16' title="bbox 102 1787 802 1849; baseline -0.006 0"><span class='ocrx_word' id='word_1_103' title='bbox 102 1789 239 1849; x_wconf 78' lang='lat' dir='ltr'>Hersilie</span> <span class='ocrx_word' id='word_1_104' title='bbox 254 1788 350 1846; x_wconf 73' lang='lat' dir='ltr'>crines</span> <span class='ocrx_word' id='word_1_105' title='bbox 364 1807 432 1845; x_wconf 89' lang='lat' dir='ltr'>eum</span> <span class='ocrx_word' id='word_1_106' title='bbox 446 1787 541 1845; x_wconf 89' lang='lat' dir='ltr'>sidere</span> <span class='ocrx_word' id='word_1_107' title='bbox 554 1787 645 1845; x_wconf 77' lang='lat' dir='ltr'>cessit</span> <span class='ocrx_word' id='word_1_108' title='bbox 659 1787 691 1844; x_wconf 91' lang='lat' dir='ltr'>in</span> <span class='ocrx_word' id='word_1_109' title='bbox 704 1806 802 1845; x_wconf 80' lang='lat' dir='ltr'>eures.</span> 
     </span>
    </p>

    <p class='ocr_par' dir='ltr' id='par_1_16' title="bbox 103 1884 842 1947">
     <span class='ocr_line' id='line_1_17' title="bbox 103 1884 842 1947; baseline -0.004 -1"><span class='ocrx_word' id='word_1_110' title='bbox 103 1891 182 1947; x_wconf 85' lang='lat' dir='ltr'>hene</span> <span class='ocrx_word' id='word_1_111' title='bbox 196 1885 335 1943; x_wconf 82' lang='lat' dir='ltr'>menibus</span> <span class='ocrx_word' id='word_1_112' title='bbox 349 1886 429 1943; x_wconf 79' lang='lat' dir='ltr'>notis</span> <span class='ocrx_word' id='word_1_113' title='bbox 442 1884 594 1943; x_wconf 81' lang='lat' dir='ltr'>Romanae</span> <span class='ocrx_word' id='word_1_114' title='bbox 608 1884 745 1943; x_wconf 75' lang='lat' dir='ltr'>eonditor</span> <span class='ocrx_word' id='word_1_115' title='bbox 759 1884 842 1943; x_wconf 88' lang='lat' dir='ltr'>urbis</span> 
     </span>
    </p>

    <p class='ocr_par' dir='ltr' id='par_1_17' title="bbox 102 1982 1047 2061">
     <span class='ocr_line' id='line_1_18' title="bbox 102 1982 1047 2061; baseline 0 -19"><span class='ocrx_word' id='word_1_116' title='bbox 102 1984 226 2061; x_wconf 76' lang='lat' dir='ltr'>exeipit,</span> <span class='ocrx_word' id='word_1_117' title='bbox 242 1989 273 2039; x_wconf 76' lang='lat' dir='ltr'>ei</span> <span class='ocrx_word' id='word_1_118' title='bbox 289 1982 419 2058; x_wconf 80' lang='lat' dir='ltr'>priscum</span> <span class='ocrx_word' id='word_1_119' title='bbox 433 1982 547 2059; x_wconf 74' lang='lat' dir='ltr'>periter</span> <span class='ocrx_word' id='word_1_120' title='bbox 560 2000 627 2039; x_wconf 88' lang='lat' dir='ltr'>eum</span> <span class='ocrx_word' id='word_1_121' title='bbox 640 2000 762 2059; x_wconf 76' lang='lat' dir='ltr'>corpore</span> <span class='ocrx_word' id='word_1_122' title='bbox 776 2001 884 2041; x_wconf 86' lang='lat' dir='ltr'>nemen</span> <span class='ocrx_word' id='word_1_123' title='bbox 1012 2004 1047 2049; x_wconf 64' lang='lat' dir='ltr'>ese</span> 
     </span>
    </p>

    <p class='ocr_par' dir='ltr' id='par_1_18' title="bbox 104 2077 1057 2235">
     <span class='ocr_line' id='line_1_19' title="bbox 104 2077 1057 2155; baseline -0.003 -16"><span class='ocrx_word' id='word_1_124' title='bbox 104 2085 206 2139; x_wconf 80' lang='lat' dir='ltr'>mutet</span> <span class='ocrx_word' id='word_1_125' title='bbox 218 2077 392 2155; x_wconf 72' lang='lat' dir='ltr'><strong>Horamque</strong></span> <span class='ocrx_word' id='word_1_126' title='bbox 404 2084 500 2146; x_wconf 77' lang='lat' dir='ltr'>vocat,</span> <span class='ocrx_word' id='word_1_127' title='bbox 509 2097 585 2155; x_wconf 82' lang='lat' dir='ltr'>quae</span> <span class='ocrx_word' id='word_1_128' title='bbox 599 2097 678 2135; x_wconf 87' lang='lat' dir='ltr'><strong>nunc</strong></span> <span class='ocrx_word' id='word_1_129' title='bbox 688 2077 743 2136; x_wconf 85' lang='lat' dir='ltr'>dee</span> <span class='ocrx_word' id='word_1_130' title='bbox 757 2079 860 2136; x_wconf 73' lang='lat' dir='ltr'>iuncte</span> <span class='ocrx_word' id='word_1_131' title='bbox 869 2078 993 2148; x_wconf 80' lang='lat' dir='ltr'>Quirino</span> <span class='ocrx_word' id='word_1_132' title='bbox 1050 2084 1057 2093; x_wconf 83' lang='lat'><strong><em>‘</em></strong></span> 
     </span>
     <span class='ocr_line' id='line_1_20' title="bbox 186 2182 241 2235; baseline 0.036 -3"><span class='ocrx_word' id='word_1_133' title='bbox 186 2182 241 2235; x_wconf 79' lang='lat' dir='ltr'>est.</span> 
     </span>
    </p>
   </div>
   <div class='ocr_carea' id='block_1_3' title="bbox 138 2300 991 2423">
    <p class='ocr_par' dir='ltr' id='par_1_19' title="bbox 138 2300 991 2423">
     <span class='ocr_line' id='line_1_21' title="bbox 138 2300 847 2358; baseline -0.008 -1"><span class='ocrx_word' id='word_1_134' title='bbox 138 2309 213 2358; x_wconf 82' lang='grc'>8889</span> <span class='ocrx_word' id='word_1_135' title='bbox 229 2305 413 2355; x_wconf 62' lang='lat' dir='ltr'>samium</span> <span class='ocrx_word' id='word_1_136' title='bbox 423 2305 459 2357; x_wconf 76' lang='lat' dir='ltr'>lt.</span> <span class='ocrx_word' id='word_1_137' title='bbox 644 2304 691 2351; x_wconf 80' lang='grc'>844</span> <span class='ocrx_word' id='word_1_138' title='bbox 708 2300 847 2351; x_wconf 72' lang='lat' dir='ltr'>fateberis.</span> 
     </span>
     <span class='ocr_line' id='line_1_22' title="bbox 138 2363 991 2423; baseline -0.006 0"><span class='ocrx_word' id='word_1_139' title='bbox 138 2374 213 2423; x_wconf 69' lang='grc'>8488</span> <span class='ocrx_word' id='word_1_140' title='bbox 230 2369 366 2421; x_wconf 81' lang='lat' dir='ltr'>ibi...netis</span> <span class='ocrx_word' id='word_1_141' title='bbox 376 2372 448 2419; x_wconf 71' lang='lat' dir='ltr'>uncie</span> <span class='ocrx_word' id='word_1_142' title='bbox 459 2371 561 2419; x_wconf 64' lang='lat' dir='ltr'>instem</span> <span class='ocrx_word' id='word_1_143' title='bbox 572 2370 607 2421; x_wconf 75' lang='lat' dir='ltr'>lt.</span> <span class='ocrx_word' id='word_1_144' title='bbox 645 2369 691 2417; x_wconf 78' lang='grc'>848</span> <span class='ocrx_word' id='word_1_145' title='bbox 709 2365 820 2417; x_wconf 79' lang='lat' dir='ltr'>Hersilia</span> <span class='ocrx_word' id='word_1_146' title='bbox 831 2363 953 2417; x_wconf 78' lang='lat' dir='ltr'>aetherias</span> <span class='ocrx_word' id='word_1_147' title='bbox 961 2368 991 2418; x_wconf 79' lang='lat' dir='ltr'>Il.</span> 
     </span>
    </p>
   </div>
   <div class='ocr_carea' id='block_1_4' title="bbox 0 0 1189 3846">
    <p class='ocr_par' dir='ltr' id='par_1_20' title="bbox 0 0 1189 3846">
     <span class='ocr_line' id='line_1_23' title="bbox 0 0 1189 3846; baseline 0 0"><span class='ocrx_word' id='word_1_148' title='bbox 0 0 1189 3846; x_wconf 95' lang='lat' dir='ltr'> </span> 
     </span>
    </p>
   </div>
  </div>
 </body>
</html>
