2330 3846
400 292 531 353 Hm
558 292 592 352 X
593 294 641 352 IV
687 316 690 321 ’
890 301 943 362 td

35 524 145 572 Acmon
164 520 235 584 totto
256 519 314 573 itte
335 521 570 635 massd’pff
591 521 646 571 sea
668 524 740 586 rripit
760 537 837 588 nsaw
860 525 932 590 trapa

97 726 179 787 Inde
192 727 249 786 sub
261 726 390 809 Ascanii
404 726 522 786 dicione
536 727 699 786 binominis
712 728 795 786 Alba

34 847 152 905 resque
165 826 277 885 Iatina
290 826 358 886 fuit.
382 826 515 886 suooedit
529 826 643 886 Silvius
656 827 713 887 illi.

32 944 101 1004 quo
116 930 204 984 satus
217 924 344 1003 antiquo
357 925 458 983 tenuit
472 924 748 1003 repetitarLatinus

33 1024 167 1082 nomina
180 1042 249 1081 oum
263 1004 388 1100 seeptro.
410 1023 511 1082 clarus
524 1021 608 1081 subit
621 1023 705 1080 Alba
718 1023 870 1083 Latinum.

33 1122 165 1200 Epytus
177 1140 215 1179 ex
229 1120 283 1179 illo
297 1126 352 1179 ost
375 1126 444 1198 post
458 1121 538 1178 huno
464 1120 742 1218 Capetusque
757 1120 924 1198 Oapysque,

34 1220 94 1278 sed
111 1219 212 1295 Capys
226 1223 298 1276 ante
312 1217 381 1275 fuit.
405 1236 531 1296 regnum
464 1191 704 1276 Tiberinus
718 1218 757 1276 ab
770 1218 833 1277 illis

32 1315 227 1394 oepit,et'1n
240 1315 329 1374 Tusci
343 1316 497 1374 demersus
511 1314 748 1395 fluminisundis
957 1337 994 1386 ιι,

34 1414 167 1472 nomina
180 1412 255 1495 feeit
268 1405 430 1490 iquaeassde
444 1432 502 1491 quo
516 1392 721 1491 Remulusque
736 1413 880 1491 feroxque

34 1513 160 1568 Acrota
174 1515 247 1568 sunt
260 1510 366 1588 geniti
389 1510 537 1568 Remulus
550 1510 698 1569 maturior
711 1510 800 1569 annis

12 1682 13 1685 Ἴ
34 1607 190 1666 fulmineo
204 1606 304 1685 periit,
318 1606 457 1666 rmrtator
466 1606 616 1680 fulminis
631 1607 704 1690 istu.

35 1707 140 1763 fratre
156 1723 210 1762 suo
225 1709 376 1781 sceptrum
389 1704 572 1763 moderatior
584 1680 699 1763 Acrota
713 1707 787 1764 forti

34 1801 141 1860 tradit
154 1801 321 1860 Aventino.
344 1801 405 1879 qui,
420 1821 479 1879 quo
492 1807 644 1880 regnarat,
660 1803 763 1863 eodem
956 1825 994 1864 sa

12 1904 146 1977 monte
159 1898 237 1957 iacet
251 1897 368 1977 positus
381 1899 552 1977 tribuitque
565 1900 712 1959 voeabula
730 1902 836 1961 monti

12 1990 44 2125 p
35 2015 161 2107 iamque
176 1971 335 2055 Palatinae
350 2016 498 2055 summam
512 1998 608 2056 Prooa
621 1997 722 2075 gentis
736 1998 877 2058 habebat.

12 1858 14 1913 l

40 2195 96 2244 Tho
106 2198 174 2255 story
182 2193 212 2253 of
218 2192 327 2242 Pomona
338 2192 390 2241 aad
406 2178 564 2244 l'erdemaua
601 2193 650 2244 sa
660 2195 723 2246 loeas
733 2193 772 2243 all
782 2192 821 2243 the
832 2196 930 2257 trusos

180 2258 220 2307 the
230 2258 332 2320 perdat,
347 2257 389 2306 eae
399 2258 456 2307 will
466 2272 529 2307 asae
539 2259 568 2321 os
575 2260 614 2308 the
626 2259 677 2308 love
687 2259 717 2321 os
723 2273 787 2308 mea.

12 2396 14 2493 ζ
35 2421 111 2480 rege
126 2401 184 2460 sub
197 2401 252 2459 hoo
266 2400 401 2459 Pomona
413 2401 484 2473 fuit,
498 2420 558 2478 qua
570 2401 657 2459 nulla
671 2400 797 2460 Latinas

35 2502 124 2558 inter
137 2497 359 2574 hamadryadas
373 2498 467 2556 coluit
480 2498 636 2557 sollertius
650 2493 753 2556 hortos

35 2616 95 2655 neo
107 2594 172 2653 fuit
185 2594 303 2652 arborei
316 2594 481 2653 studiosior
494 2593 592 2653 altera
605 2594 705 2657 fetus:
953 2615 990 2662 ιι,

12 2770 13 2777 ¹
36 2695 121 2753 unde
134 2698 221 2751 tenet
235 2711 353 2751 nomen.
375 2712 437 2751 non
451 2692 544 2752 silvas
558 2692 613 2751 illa
627 2711 682 2751 neo
695 2711 807 2764 amnes,

12 2794 14 2863 l
34 2811 91 2849 rus
104 2794 190 2848 amat
204 2794 235 2847 et
249 2808 347 2847 ramos
361 2789 463 2848 felicia
477 2809 565 2868 poma
579 2788 720 2848 ferentes.

12 2866 13 2917 l
34 2908 93 2947 neo
107 2886 207 2945 iaculo
221 2886 322 2964 gravis
336 2891 392 2958 est,
408 2887 459 2945 sed
474 2887 591 2944 adunca
604 2886 729 2945 dextera
741 2885 828 2957 false,

34 3007 97 3063 qua
111 2984 202 3043 modo
215 2984 365 3042 luxuriem
378 2985 489 3062 premit
502 2990 534 3042 et
549 2984 714 3062 spatiantia
727 2983 839 3060 passim

36 3080 178 3141 braoohia
191 3082 351 3160 conpescit,
366 3083 435 3140 fisso
449 3084 537 3141 modo
550 3080 660 3140 cortice
674 3082 792 3158 liguum
952 3100 991 3150 ομ

94 3237 172 3301 tlt-,3
189 3250 245 3285 eece
257 3234 378 3285 Latinum
390 3235 490 3300 Epytus
502 3253 532 3286 ex
543 3236 589 3287 illo
600 3238 636 3288 M.
729 3243 776 3292 629
794 3245 881 3294 contra
890 3244 925 3294 Μ.

359 3303 407 3351 630
423 3301 515 3351 cortice
526 3301 624 3368 virgam
635 3304 665 3354 s.

865 3409 880 3447 F
