<?xml version="1.0" encoding="UTF-8"?>
<!DOCTYPE html PUBLIC "-//W3C//DTD XHTML 1.0 Transitional//EN"
    "http://www.w3.org/TR/xhtml1/DTD/xhtml1-transitional.dtd">
<html xmlns="http://www.w3.org/1999/xhtml" xml:lang="en" lang="en">
 <head>
  <title>
</title>
<meta http-equiv="Content-Type" content="text/html;charset=utf-8" />
  <meta name='ocr-system' content='tesseract 3.04.00' />
  <meta name='ocr-capabilities' content='ocr_page ocr_carea ocr_par ocr_line ocrx_word'/>
</head>
<body>
  <div class='ocr_page' id='page_1' title='image "./metamorphoseonx00ovidgoog/metamorphoseonx00ovidgoog_0082.png"; bbox 0 0 2322 3848; ppageno 0'>
   <div class='ocr_carea' id='block_1_1' title="bbox 430 293 979 359">
    <p class='ocr_par' dir='ltr' id='par_1_1' title="bbox 430 293 979 359">
     <span class='ocr_line' id='line_1_1' title="bbox 430 293 979 359; baseline -0.011 -2"><span class='ocrx_word' id='word_1_1' title='bbox 430 299 559 359; x_wconf 76' lang='lat' dir='ltr'><em>LIBER</em></span> <span class='ocrx_word' id='word_1_2' title='bbox 587 297 682 356; x_wconf 79' lang='lat' dir='ltr'><em>XIII.</em></span> <span class='ocrx_word' id='word_1_3' title='bbox 942 293 979 351; x_wconf 88' lang='lat'><strong>15</strong></span> 
     </span>
    </p>
   </div>
   <div class='ocr_carea' id='block_1_2' title="bbox 86 425 856 608">
    <p class='ocr_par' dir='ltr' id='par_1_2' title="bbox 86 425 856 608">
     <span class='ocr_line' id='line_1_2' title="bbox 87 425 856 490; baseline -0.009 0"><span class='ocrx_word' id='word_1_4' title='bbox 87 432 179 490; x_wconf 85' lang='lat' dir='ltr'><strong>verba</strong></span> <span class='ocrx_word' id='word_1_5' title='bbox 192 431 271 490; x_wconf 79' lang='lat' dir='ltr'><strong>vin&#39;t</strong></span> <span class='ocrx_word' id='word_1_6' title='bbox 291 449 345 488; x_wconf 85' lang='lat' dir='ltr'><strong>eur</strong></span> <span class='ocrx_word' id='word_1_7' title='bbox 358 429 406 487; x_wconf 91' lang='lat' dir='ltr'><strong>hie</strong></span> <span class='ocrx_word' id='word_1_8' title='bbox 421 428 552 487; x_wconf 77' lang='lat' dir='ltr'><strong>metuist</strong></span> <span class='ocrx_word' id='word_1_9' title='bbox 574 448 627 486; x_wconf 89' lang='lat' dir='ltr'><strong>our</strong></span> <span class='ocrx_word' id='word_1_10' title='bbox 640 426 732 485; x_wconf 88' lang='lat' dir='ltr'><strong>audet</strong></span> <span class='ocrx_word' id='word_1_11' title='bbox 746 425 856 485; x_wconf 83' lang='lat' dir='ltr'><strong>Ulixes</strong></span> 
     </span>
     <span class='ocr_line' id='line_1_3' title="bbox 86 524 748 608; baseline -0.009 -20"><span class='ocrx_word' id='word_1_12' title='bbox 86 531 131 588; x_wconf 90' lang='lat' dir='ltr'><strong>ire</strong></span> <span class='ocrx_word' id='word_1_13' title='bbox 146 549 199 608; x_wconf 90' lang='lat' dir='ltr'><strong>per</strong></span> <span class='ocrx_word' id='word_1_14' title='bbox 212 527 354 587; x_wconf 79' lang='lat' dir='ltr'><strong>excubias</strong></span> <span class='ocrx_word' id='word_1_15' title='bbox 367 533 441 586; x_wconf 85' lang='lat' dir='ltr'><strong>etse</strong></span> <span class='ocrx_word' id='word_1_16' title='bbox 455 525 642 584; x_wconf 89' lang='lat' dir='ltr'><strong>committere</strong></span> <span class='ocrx_word' id='word_1_17' title='bbox 655 524 748 596; x_wconf 87' lang='lat' dir='ltr'><strong>noeti,</strong></span> 
     </span>
    </p>
   </div>
   <div class='ocr_carea' id='block_1_3' title="bbox 73 621 1040 1668">
    <p class='ocr_par' dir='ltr' id='par_1_3' title="bbox 86 621 865 704">
     <span class='ocr_line' id='line_1_4' title="bbox 86 621 865 704; baseline -0.006 -21"><span class='ocrx_word' id='word_1_18' title='bbox 86 644 199 704; x_wconf 81' lang='lat' dir='ltr'>perque</span> <span class='ocrx_word' id='word_1_19' title='bbox 212 625 292 684; x_wconf 86' lang='lat' dir='ltr'><strong>feros</strong></span> <span class='ocrx_word' id='word_1_20' title='bbox 306 643 391 682; x_wconf 86' lang='lat' dir='ltr'><strong>enses</strong></span> <span class='ocrx_word' id='word_1_21' title='bbox 404 643 464 681; x_wconf 90' lang='lat' dir='ltr'><strong>non</strong></span> <span class='ocrx_word' id='word_1_22' title='bbox 478 628 602 680; x_wconf 83' lang='lat' dir='ltr'><strong>tantum</strong></span> <span class='ocrx_word' id='word_1_23' title='bbox 614 621 732 679; x_wconf 89' lang='lat' dir='ltr'><strong>moenia</strong></span> <span class='ocrx_word' id='word_1_24' title='bbox 746 621 865 692; x_wconf 86' lang='lat' dir='ltr'><strong>Troum,</strong></span> 
     </span>
    </p>

    <p class='ocr_par' dir='ltr' id='par_1_4' title="bbox 86 721 797 795">
     <span class='ocr_line' id='line_1_5' title="bbox 86 721 797 795; baseline -0.008 -13"><span class='ocrx_word' id='word_1_25' title='bbox 86 742 194 782; x_wconf 87' lang='lat' dir='ltr'><strong>verum</strong></span> <span class='ocrx_word' id='word_1_26' title='bbox 208 722 300 781; x_wconf 87' lang='lat' dir='ltr'><strong>etiam</strong></span> <span class='ocrx_word' id='word_1_27' title='bbox 315 740 445 779; x_wconf 85' lang='lat' dir='ltr'><strong>summas</strong></span> <span class='ocrx_word' id='word_1_28' title='bbox 458 739 541 778; x_wconf 83' lang='lat' dir='ltr'><strong>arces</strong></span> <span class='ocrx_word' id='word_1_29' title='bbox 555 721 670 777; x_wconf 85' lang='lat' dir='ltr'><strong>intrare</strong></span> <span class='ocrx_word' id='word_1_30' title='bbox 685 737 797 795; x_wconf 84' lang='lat' dir='ltr'><strong>suaque</strong></span> 
     </span>
    </p>

    <p class='ocr_par' dir='ltr' id='par_1_5' title="bbox 86 813 1037 995">
     <span class='ocr_line' id='line_1_6' title="bbox 87 813 1037 899; baseline -0.008 -20"><span class='ocrx_word' id='word_1_31' title='bbox 87 822 203 899; x_wconf 88' lang='lat' dir='ltr'><strong>eripere</strong></span> <span class='ocrx_word' id='word_1_32' title='bbox 217 819 290 878; x_wconf 87' lang='lat' dir='ltr'><strong>aede</strong></span> <span class='ocrx_word' id='word_1_33' title='bbox 304 820 398 889; x_wconf 86' lang='lat' dir='ltr'><strong>deam,</strong></span> <span class='ocrx_word' id='word_1_34' title='bbox 412 823 588 895; x_wconf 77' lang='lat' dir='ltr'><strong>raptamque</strong></span> <span class='ocrx_word' id='word_1_35' title='bbox 601 815 719 874; x_wconf 90' lang='lat' dir='ltr'><strong>adferre</strong></span> <span class='ocrx_word' id='word_1_36' title='bbox 733 834 787 893; x_wconf 88' lang='lat' dir='ltr'><strong>per</strong></span> <span class='ocrx_word' id='word_1_37' title='bbox 799 813 922 873; x_wconf 78' lang='lat' dir='ltr'><strong>hostest</strong></span> <span class='ocrx_word' id='word_1_38' title='bbox 1002 844 1037 882; x_wconf 76' lang='lat'><strong>³4⁵</strong></span> 
     </span>
     <span class='ocr_line' id='line_1_7' title="bbox 86 913 837 995; baseline -0.007 -20"><span class='ocrx_word' id='word_1_39' title='bbox 86 936 164 995; x_wconf 89' lang='lat' dir='ltr'><strong>quae</strong></span> <span class='ocrx_word' id='word_1_40' title='bbox 178 915 239 974; x_wconf 90' lang='lat' dir='ltr'><strong>nisi</strong></span> <span class='ocrx_word' id='word_1_41' title='bbox 253 915 398 986; x_wconf 84' lang='lat' dir='ltr'><strong>iecissem,</strong></span> <span class='ocrx_word' id='word_1_42' title='bbox 412 914 528 972; x_wconf 87' lang='lat' dir='ltr'><strong>frustra</strong></span> <span class='ocrx_word' id='word_1_43' title='bbox 541 913 701 971; x_wconf 80' lang='lat' dir='ltr'>Telamone</span> <span class='ocrx_word' id='word_1_44' title='bbox 717 916 837 971; x_wconf 87' lang='lat' dir='ltr'><strong>oreatus</strong></span> 
     </span>
    </p>

    <p class='ocr_par' dir='ltr' id='par_1_6' title="bbox 88 1011 778 1089">
     <span class='ocr_line' id='line_1_8' title="bbox 88 1011 778 1089; baseline -0.006 -18"><span class='ocrx_word' id='word_1_45' title='bbox 88 1017 238 1089; x_wconf 73' lang='lat' dir='ltr'><strong>gestasset</strong></span> <span class='ocrx_word' id='word_1_46' title='bbox 252 1011 338 1068; x_wconf 89' lang='lat' dir='ltr'><strong>laeva</strong></span> <span class='ocrx_word' id='word_1_47' title='bbox 351 1015 508 1068; x_wconf 88' lang='lat' dir='ltr'><strong>taurorum</strong></span> <span class='ocrx_word' id='word_1_48' title='bbox 521 1015 642 1086; x_wconf 88' lang='lat' dir='ltr'><strong>tergora</strong></span> <span class='ocrx_word' id='word_1_49' title='bbox 655 1013 778 1086; x_wconf 80' lang='lat' dir='ltr'><strong>septem.</strong></span> 
     </span>
    </p>

    <p class='ocr_par' dir='ltr' id='par_1_7' title="bbox 73 1105 773 1181">
     <span class='ocr_line' id='line_1_9' title="bbox 73 1105 773 1181; baseline -0.007 -14"><span class='ocrx_word' id='word_1_50' title='bbox 73 1109 144 1179; x_wconf 68' lang='lat' dir='ltr'><strong>,illa</strong></span> <span class='ocrx_word' id='word_1_51' title='bbox 157 1115 246 1167; x_wconf 90' lang='lat' dir='ltr'><strong>noete</strong></span> <span class='ocrx_word' id='word_1_52' title='bbox 260 1107 334 1165; x_wconf 92' lang='lat' dir='ltr'><strong>mihi</strong></span> <span class='ocrx_word' id='word_1_53' title='bbox 348 1107 455 1165; x_wconf 84' lang='lat' dir='ltr'><strong>Troiae</strong></span> <span class='ocrx_word' id='word_1_54' title='bbox 469 1105 595 1163; x_wconf 84' lang='lat' dir='ltr'><strong>viatoria</strong></span> <span class='ocrx_word' id='word_1_55' title='bbox 608 1111 696 1181; x_wconf 88' lang='lat' dir='ltr'><strong>parta</strong></span> <span class='ocrx_word' id='word_1_56' title='bbox 709 1111 773 1162; x_wconf 85' lang='lat' dir='ltr'><strong>est:</strong></span> 
     </span>
    </p>

    <p class='ocr_par' dir='ltr' id='par_1_8' title="bbox 86 1201 786 1283">
     <span class='ocr_line' id='line_1_10' title="bbox 86 1201 786 1283; baseline -0.009 -19"><span class='ocrx_word' id='word_1_57' title='bbox 86 1207 236 1283; x_wconf 88' lang='lat' dir='ltr'><strong>Pergama</strong></span> <span class='ocrx_word' id='word_1_58' title='bbox 250 1210 323 1262; x_wconf 88' lang='lat' dir='ltr'><strong>tune</strong></span> <span class='ocrx_word' id='word_1_59' title='bbox 337 1203 405 1274; x_wconf 86' lang='lat' dir='ltr'><strong>viai,</strong></span> <span class='ocrx_word' id='word_1_60' title='bbox 419 1221 487 1260; x_wconf 88' lang='lat' dir='ltr'><strong>eum</strong></span> <span class='ocrx_word' id='word_1_61' title='bbox 501 1201 582 1259; x_wconf 89' lang='lat' dir='ltr'><strong>vinei</strong></span> <span class='ocrx_word' id='word_1_62' title='bbox 596 1219 681 1278; x_wconf 87' lang='lat' dir='ltr'><strong>posse</strong></span> <span class='ocrx_word' id='word_1_63' title='bbox 694 1201 786 1278; x_wconf 82' lang='lat' dir='ltr'><strong>coegi.</strong></span> 
     </span>
    </p>

    <p class='ocr_par' dir='ltr' id='par_1_9' title="bbox 88 1297 1040 1474">
     <span class='ocr_line' id='line_1_11' title="bbox 88 1297 1040 1378; baseline -0.005 -17"><span class='ocrx_word' id='word_1_64' title='bbox 88 1303 195 1362; x_wconf 90' lang='lat' dir='ltr'><strong>desine</strong></span> <span class='ocrx_word' id='word_1_65' title='bbox 208 1300 346 1378; x_wconf 83' lang='lat' dir='ltr'><strong>Tydiden</strong></span> <span class='ocrx_word' id='word_1_66' title='bbox 360 1300 506 1376; x_wconf 87' lang='lat' dir='ltr'><strong>vultuque</strong></span> <span class='ocrx_word' id='word_1_67' title='bbox 520 1304 552 1357; x_wconf 88' lang='lat' dir='ltr'><strong>et</strong></span> <span class='ocrx_word' id='word_1_68' title='bbox 566 1317 719 1357; x_wconf 88' lang='lat' dir='ltr'><strong>murmure</strong></span> <span class='ocrx_word' id='word_1_69' title='bbox 732 1297 820 1356; x_wconf 87' lang='lat' dir='ltr'><strong>nobis</strong></span> <span class='ocrx_word' id='word_1_70' title='bbox 1002 1328 1040 1366; x_wconf 79' lang='lat' dir='ltr'><strong>as·</strong></span> 
     </span>
     <span class='ocr_line' id='line_1_12' title="bbox 89 1394 836 1474; baseline -0.003 -17"><span class='ocrx_word' id='word_1_71' title='bbox 89 1404 245 1458; x_wconf 87' lang='lat' dir='ltr'><strong>ostentare</strong></span> <span class='ocrx_word' id='word_1_72' title='bbox 258 1416 376 1456; x_wconf 85' lang='lat' dir='ltr'><strong>meum:</strong></span> <span class='ocrx_word' id='word_1_73' title='bbox 397 1416 467 1474; x_wconf 88' lang='lat' dir='ltr'><strong>pars</strong></span> <span class='ocrx_word' id='word_1_74' title='bbox 481 1401 528 1454; x_wconf 88' lang='lat' dir='ltr'><strong>est</strong></span> <span class='ocrx_word' id='word_1_75' title='bbox 549 1415 604 1454; x_wconf 86' lang='lat' dir='ltr'><strong>sua</strong></span> <span class='ocrx_word' id='word_1_76' title='bbox 617 1394 716 1455; x_wconf 89' lang='lat' dir='ltr'><strong>laudis</strong></span> <span class='ocrx_word' id='word_1_77' title='bbox 729 1395 761 1453; x_wconf 92' lang='lat' dir='ltr'><strong>in</strong></span> <span class='ocrx_word' id='word_1_78' title='bbox 775 1395 836 1455; x_wconf 81' lang='lat' dir='ltr'><strong>ille.</strong></span> 
     </span>
    </p>

    <p class='ocr_par' dir='ltr' id='par_1_10' title="bbox 90 1491 843 1571">
     <span class='ocr_line' id='line_1_13' title="bbox 90 1491 843 1571; baseline -0.007 -16"><span class='ocrx_word' id='word_1_79' title='bbox 90 1515 146 1555; x_wconf 89' lang='lat' dir='ltr'><strong>nee</strong></span> <span class='ocrx_word' id='word_1_80' title='bbox 159 1501 205 1567; x_wconf 89' lang='lat' dir='ltr'><strong>tu,</strong></span> <span class='ocrx_word' id='word_1_81' title='bbox 219 1513 287 1552; x_wconf 90' lang='lat' dir='ltr'><strong>eum</strong></span> <span class='ocrx_word' id='word_1_82' title='bbox 301 1493 380 1552; x_wconf 86' lang='lat' dir='ltr'><strong>socia</strong></span> <span class='ocrx_word' id='word_1_83' title='bbox 393 1493 522 1571; x_wconf 89' lang='lat' dir='ltr'><strong>elipeum</strong></span> <span class='ocrx_word' id='word_1_84' title='bbox 535 1512 588 1570; x_wconf 90' lang='lat' dir='ltr'><strong>pro</strong></span> <span class='ocrx_word' id='word_1_85' title='bbox 602 1491 696 1551; x_wconf 79' lang='lat' dir='ltr'><strong>classe</strong></span> <span class='ocrx_word' id='word_1_86' title='bbox 710 1493 843 1563; x_wconf 81' lang='lat' dir='ltr'><strong>tenebas,</strong></span> 
     </span>
    </p>

    <p class='ocr_par' dir='ltr' id='par_1_11' title="bbox 91 1589 917 1668">
     <span class='ocr_line' id='line_1_14' title="bbox 91 1589 917 1668; baseline -0.005 -16"><span class='ocrx_word' id='word_1_87' title='bbox 91 1594 175 1652; x_wconf 86' lang='lat' dir='ltr'><strong>solus</strong></span> <span class='ocrx_word' id='word_1_88' title='bbox 188 1611 262 1651; x_wconf 88' lang='lat' dir='ltr'><strong>eras.</strong></span> <span class='ocrx_word' id='word_1_89' title='bbox 305 1592 364 1649; x_wconf 88' lang='lat' dir='ltr'><strong>tibi</strong></span> <span class='ocrx_word' id='word_1_90' title='bbox 377 1592 468 1649; x_wconf 88' lang='lat' dir='ltr'><strong>turba</strong></span> <span class='ocrx_word' id='word_1_91' title='bbox 481 1610 587 1663; x_wconf 88' lang='lat' dir='ltr'><strong>eomes,</strong></span> <span class='ocrx_word' id='word_1_92' title='bbox 599 1590 674 1648; x_wconf 89' lang='lat' dir='ltr'><strong>mihi</strong></span> <span class='ocrx_word' id='word_1_93' title='bbox 687 1589 816 1668; x_wconf 85' lang='lat' dir='ltr'><strong>contigit</strong></span> <span class='ocrx_word' id='word_1_94' title='bbox 830 1609 917 1648; x_wconf 88' lang='lat' dir='ltr'><strong>unus.</strong></span> 
     </span>
    </p>
   </div>
   <div class='ocr_carea' id='block_1_4' title="bbox 91 1739 1045 3352">
    <p class='ocr_par' dir='ltr' id='par_1_12' title="bbox 91 1739 973 1802">
     <span class='ocr_line' id='line_1_15' title="bbox 91 1739 973 1802; baseline -0.003 -12"><span class='ocrx_word' id='word_1_95' title='bbox 91 1741 158 1790; x_wconf 85' lang='lat' dir='ltr'><strong>How</strong></span> <span class='ocrx_word' id='word_1_96' title='bbox 179 1740 234 1788; x_wconf 70' lang='lat' dir='ltr'><strong>aar</strong></span> <span class='ocrx_word' id='word_1_97' title='bbox 251 1739 370 1788; x_wconf 76' lang='lat' dir='ltr'><strong>Dimnoda</strong></span> <span class='ocrx_word' id='word_1_98' title='bbox 391 1740 443 1788; x_wconf 82' lang='lat' dir='ltr'><strong>aad</strong></span> <span class='ocrx_word' id='word_1_99' title='bbox 461 1740 507 1799; x_wconf 83' lang='lat' dir='ltr'><strong>all,</strong></span> <span class='ocrx_word' id='word_1_100' title='bbox 530 1740 560 1802; x_wconf 79' lang='lat' dir='ltr'><strong>ty</strong></span> <span class='ocrx_word' id='word_1_101' title='bbox 572 1739 704 1801; x_wconf 61' lang='lat' dir='ltr'><strong>satyriae</strong></span> <span class='ocrx_word' id='word_1_102' title='bbox 722 1739 787 1787; x_wconf 75' lang='lat' dir='ltr'><strong>their</strong></span> <span class='ocrx_word' id='word_1_103' title='bbox 805 1753 860 1787; x_wconf 77' lang='lat' dir='ltr'><strong>mon</strong></span> <span class='ocrx_word' id='word_1_104' title='bbox 878 1740 973 1799; x_wconf 73' lang='lat' dir='ltr'><strong>eluitur,</strong></span> 
     </span>
    </p>

    <p class='ocr_par' dir='ltr' id='par_1_13' title="bbox 92 1803 1045 3253">
     <span class='ocr_line' id='line_1_16' title="bbox 217 1803 851 1866; baseline 0 -13"><span class='ocrx_word' id='word_1_105' title='bbox 217 1804 307 1866; x_wconf 74' lang='lat' dir='ltr'><strong>confess</strong></span> <span class='ocrx_word' id='word_1_106' title='bbox 318 1804 372 1853; x_wconf 76' lang='lat' dir='ltr'><strong>that</strong></span> <span class='ocrx_word' id='word_1_107' title='bbox 382 1804 484 1853; x_wconf 66' lang='lat' dir='ltr'><strong>wtsdom</strong></span> <span class='ocrx_word' id='word_1_108' title='bbox 496 1804 562 1853; x_wconf 76' lang='lat' dir='ltr'><strong>taleae</strong></span> <span class='ocrx_word' id='word_1_109' title='bbox 569 1804 709 1866; x_wconf 70' lang='lat' dir='ltr'><strong>precedam</strong></span> <span class='ocrx_word' id='word_1_110' title='bbox 719 1803 748 1865; x_wconf 86' lang='lat' dir='ltr'><strong>os</strong></span> <span class='ocrx_word' id='word_1_111' title='bbox 755 1804 851 1853; x_wconf 70' lang='lat' dir='ltr'><strong>voltur.</strong></span> 
     </span>
     <span class='ocr_line' id='line_1_17' title="bbox 92 1919 813 1998; baseline -0.003 -19"><span class='ocrx_word' id='word_1_112' title='bbox 92 1920 147 1998; x_wconf 91' lang='lat' dir='ltr'><strong>qui</strong></span> <span class='ocrx_word' id='word_1_113' title='bbox 161 1919 221 1978; x_wconf 88' lang='lat' dir='ltr'><strong>nisi</strong></span> <span class='ocrx_word' id='word_1_114' title='bbox 235 1938 400 1996; x_wconf 85' lang='lat' dir='ltr'><strong>pugnacem</strong></span> <span class='ocrx_word' id='word_1_115' title='bbox 414 1919 505 1977; x_wconf 79' lang='lat' dir='ltr'><strong>sciret</strong></span> <span class='ocrx_word' id='word_1_116' title='bbox 519 1920 654 1998; x_wconf 83' lang='lat' dir='ltr'><strong>sapiente</strong></span> <span class='ocrx_word' id='word_1_117' title='bbox 668 1919 813 1978; x_wconf 85' lang='lat' dir='ltr'><strong>minorem</strong></span> 
     </span>
     <span class='ocr_line' id='line_1_18' title="bbox 93 2015 1042 2094; baseline -0.001 -18"><span class='ocrx_word' id='word_1_118' title='bbox 93 2037 159 2077; x_wconf 87' lang='lat' dir='ltr'><strong>esse</strong></span> <span class='ocrx_word' id='word_1_119' title='bbox 173 2036 228 2074; x_wconf 86' lang='lat' dir='ltr'><strong>nee</strong></span> <span class='ocrx_word' id='word_1_120' title='bbox 242 2015 407 2073; x_wconf 87' lang='lat' dir='ltr'><strong>indomitae</strong></span> <span class='ocrx_word' id='word_1_121' title='bbox 420 2015 523 2074; x_wconf 92' lang='lat' dir='ltr'><strong>deberi</strong></span> <span class='ocrx_word' id='word_1_122' title='bbox 537 2016 668 2094; x_wconf 86' lang='lat' dir='ltr'><strong>praemia</strong></span> <span class='ocrx_word' id='word_1_123' title='bbox 681 2016 815 2089; x_wconf 83' lang='lat' dir='ltr'><strong>dextrae,</strong></span> <span class='ocrx_word' id='word_1_124' title='bbox 1006 2046 1042 2085; x_wconf 71' lang='lat'><strong>355</strong></span> 
     </span>
     <span class='ocr_line' id='line_1_19' title="bbox 93 2110 963 2193; baseline -0.002 -21"><span class='ocrx_word' id='word_1_125' title='bbox 93 2113 159 2193; x_wconf 81' lang='lat' dir='ltr'><strong>ipse</strong></span> <span class='ocrx_word' id='word_1_126' title='bbox 172 2131 289 2190; x_wconf 90' lang='lat' dir='ltr'><strong>qnoque</strong></span> <span class='ocrx_word' id='word_1_127' title='bbox 303 2110 376 2169; x_wconf 85' lang='lat' dir='ltr'><strong>haee</strong></span> <span class='ocrx_word' id='word_1_128' title='bbox 389 2117 515 2188; x_wconf 88' lang='lat' dir='ltr'><strong>peteret.</strong></span> <span class='ocrx_word' id='word_1_129' title='bbox 557 2118 674 2190; x_wconf 88' lang='lat' dir='ltr'><strong>peteret</strong></span> <span class='ocrx_word' id='word_1_130' title='bbox 687 2112 869 2172; x_wconf 85' lang='lat' dir='ltr'><strong>moderatior</strong></span> <span class='ocrx_word' id='word_1_131' title='bbox 882 2113 963 2171; x_wconf 82' lang='lat' dir='ltr'><strong>Aiax</strong></span> 
     </span>
     <span class='ocr_line' id='line_1_20' title="bbox 93 2207 927 2287; baseline -0.001 -18"><span class='ocrx_word' id='word_1_132' title='bbox 93 2209 327 2287; x_wconf 81' lang='lat' dir='ltr'><strong>Eurypylusque</strong></span> <span class='ocrx_word' id='word_1_133' title='bbox 340 2207 425 2268; x_wconf 88' lang='lat' dir='ltr'><strong>ferox</strong></span> <span class='ocrx_word' id='word_1_134' title='bbox 439 2207 578 2287; x_wconf 79' lang='lat' dir='ltr'><strong>claroque</strong></span> <span class='ocrx_word' id='word_1_135' title='bbox 591 2210 803 2269; x_wconf 89' lang='lat' dir='ltr'><strong>Andraemone</strong></span> <span class='ocrx_word' id='word_1_136' title='bbox 817 2215 927 2283; x_wconf 88' lang='lat' dir='ltr'><strong>natus;</strong></span> 
     </span>
     <span class='ocr_line' id='line_1_21' title="bbox 94 2305 877 2383; baseline 0 -18"><span class='ocrx_word' id='word_1_137' title='bbox 94 2326 150 2365; x_wconf 90' lang='lat' dir='ltr'><strong>nee</strong></span> <span class='ocrx_word' id='word_1_138' title='bbox 164 2305 264 2363; x_wconf 84' lang='lat' dir='ltr'><strong>minus</strong></span> <span class='ocrx_word' id='word_1_139' title='bbox 278 2305 458 2363; x_wconf 91' lang='lat' dir='ltr'><strong>Idomeneus</strong></span> <span class='ocrx_word' id='word_1_140' title='bbox 471 2305 627 2383; x_wconf 87' lang='lat' dir='ltr'><strong>patriaque</strong></span> <span class='ocrx_word' id='word_1_141' title='bbox 641 2313 760 2365; x_wconf 87' lang='lat' dir='ltr'><strong>oreatus</strong></span> <span class='ocrx_word' id='word_1_142' title='bbox 774 2307 877 2365; x_wconf 86' lang='lat' dir='ltr'><strong>eadem</strong></span> 
     </span>
     <span class='ocr_line' id='line_1_22' title="bbox 94 2401 793 2480; baseline 0 -19"><span class='ocrx_word' id='word_1_143' title='bbox 94 2403 256 2472; x_wconf 86' lang='lat' dir='ltr'><strong>Meriones,</strong></span> <span class='ocrx_word' id='word_1_144' title='bbox 271 2407 387 2479; x_wconf 90' lang='lat' dir='ltr'><strong>peteret</strong></span> <span class='ocrx_word' id='word_1_145' title='bbox 401 2401 522 2459; x_wconf 87' lang='lat' dir='ltr'><strong>maioris</strong></span> <span class='ocrx_word' id='word_1_146' title='bbox 535 2401 632 2480; x_wconf 84' lang='lat' dir='ltr'><strong>frater</strong></span> <span class='ocrx_word' id='word_1_147' title='bbox 645 2404 793 2461; x_wconf 86' lang='lat' dir='ltr'><strong>Atridae:</strong></span> 
     </span>
     <span class='ocr_line' id='line_1_23' title="bbox 93 2497 1045 2578; baseline 0.004 -21"><span class='ocrx_word' id='word_1_148' title='bbox 93 2499 206 2578; x_wconf 90' lang='lat' dir='ltr'><strong>quippe</strong></span> <span class='ocrx_word' id='word_1_149' title='bbox 218 2517 309 2556; x_wconf 90' lang='lat' dir='ltr'><strong>manu</strong></span> <span class='ocrx_word' id='word_1_150' title='bbox 323 2497 418 2558; x_wconf 87' lang='lat' dir='ltr'><strong>fortes</strong></span> <span class='ocrx_word' id='word_1_151' title='bbox 432 2518 486 2556; x_wconf 88' lang='lat' dir='ltr'><strong>nee</strong></span> <span class='ocrx_word' id='word_1_152' title='bbox 500 2506 573 2557; x_wconf 89' lang='lat' dir='ltr'><strong>sunt</strong></span> <span class='ocrx_word' id='word_1_153' title='bbox 586 2500 661 2558; x_wconf 92' lang='lat' dir='ltr'><strong>mihi</strong></span> <span class='ocrx_word' id='word_1_154' title='bbox 676 2500 777 2559; x_wconf 89' lang='lat' dir='ltr'><strong>Marte</strong></span> <span class='ocrx_word' id='word_1_155' title='bbox 795 2502 926 2572; x_wconf 81' lang='lat' dir='ltr'><strong>secundi,</strong></span> <span class='ocrx_word' id='word_1_156' title='bbox 1007 2521 1045 2570; x_wconf 58' lang='grc' dir='ltr'><strong>,σο</strong></span> 
     </span>
     <span class='ocr_line' id='line_1_24' title="bbox 94 2596 784 2657; baseline 0 -1"><span class='ocrx_word' id='word_1_157' title='bbox 94 2596 230 2657; x_wconf 83' lang='lat' dir='ltr'><strong>consiliis</strong></span> <span class='ocrx_word' id='word_1_158' title='bbox 243 2615 356 2655; x_wconf 86' lang='lat' dir='ltr'><strong>cessere</strong></span> <span class='ocrx_word' id='word_1_159' title='bbox 369 2596 451 2654; x_wconf 90' lang='lat' dir='ltr'><strong>meis.</strong></span> <span class='ocrx_word' id='word_1_160' title='bbox 494 2596 552 2654; x_wconf 90' lang='lat' dir='ltr'><strong>tibi</strong></span> <span class='ocrx_word' id='word_1_161' title='bbox 566 2597 691 2656; x_wconf 80' lang='lat' dir='ltr'><strong>dextera</strong></span> <span class='ocrx_word' id='word_1_162' title='bbox 705 2599 784 2657; x_wconf 90' lang='lat' dir='ltr'><strong>bello</strong></span> 
     </span>
     <span class='ocr_line' id='line_1_25' title="bbox 94 2690 962 2768; baseline 0.002 -18"><span class='ocrx_word' id='word_1_163' title='bbox 94 2691 204 2764; x_wconf 82' lang='lat' dir='ltr'><strong>utilis3</strong></span> <span class='ocrx_word' id='word_1_164' title='bbox 224 2690 379 2768; x_wconf 88' lang='lat' dir='ltr'><strong>ingenium</strong></span> <span class='ocrx_word' id='word_1_165' title='bbox 392 2696 447 2762; x_wconf 89' lang='lat' dir='ltr'><strong>est,</strong></span> <span class='ocrx_word' id='word_1_166' title='bbox 459 2690 538 2767; x_wconf 88' lang='lat' dir='ltr'><strong>quod</strong></span> <span class='ocrx_word' id='word_1_167' title='bbox 553 2696 622 2768; x_wconf 88' lang='lat' dir='ltr'><strong>eget</strong></span> <span class='ocrx_word' id='word_1_168' title='bbox 636 2693 837 2752; x_wconf 86' lang='lat' dir='ltr'><strong>moderamine</strong></span> <span class='ocrx_word' id='word_1_169' title='bbox 851 2699 962 2752; x_wconf 84' lang='lat' dir='ltr'><strong>nostro.</strong></span> 
     </span>
     <span class='ocr_line' id='line_1_26' title="bbox 94 2786 845 2865; baseline 0 -18"><span class='ocrx_word' id='word_1_170' title='bbox 94 2794 133 2847; x_wconf 87' lang='lat' dir='ltr'><strong>tu</strong></span> <span class='ocrx_word' id='word_1_171' title='bbox 146 2788 227 2847; x_wconf 84' lang='lat' dir='ltr'><strong>vires</strong></span> <span class='ocrx_word' id='word_1_172' title='bbox 241 2786 306 2845; x_wconf 89' lang='lat' dir='ltr'><strong>sine</strong></span> <span class='ocrx_word' id='word_1_173' title='bbox 319 2792 420 2845; x_wconf 91' lang='lat' dir='ltr'><strong>mente</strong></span> <span class='ocrx_word' id='word_1_174' title='bbox 434 2786 514 2865; x_wconf 86' lang='lat' dir='ltr'><strong>geris</strong></span> <span class='ocrx_word' id='word_1_175' title='bbox 526 2807 533 2844; x_wconf 90' lang='lat'>:</span> <span class='ocrx_word' id='word_1_176' title='bbox 555 2787 630 2845; x_wconf 93' lang='lat' dir='ltr'><strong>mihi</strong></span> <span class='ocrx_word' id='word_1_177' title='bbox 643 2807 715 2845; x_wconf 88' lang='lat' dir='ltr'><strong>eura</strong></span> <span class='ocrx_word' id='word_1_178' title='bbox 728 2788 845 2864; x_wconf 88' lang='lat' dir='ltr'><strong>futuri;</strong></span> 
     </span>
     <span class='ocr_line' id='line_1_27' title="bbox 95 2884 849 2964; baseline 0.001 -20"><span class='ocrx_word' id='word_1_179' title='bbox 95 2892 133 2944; x_wconf 88' lang='lat' dir='ltr'><strong>tn</strong></span> <span class='ocrx_word' id='word_1_180' title='bbox 146 2904 280 2963; x_wconf 88' lang='lat' dir='ltr'><strong>pugnare</strong></span> <span class='ocrx_word' id='word_1_181' title='bbox 294 2890 396 2961; x_wconf 87' lang='lat' dir='ltr'><strong>potes:</strong></span> <span class='ocrx_word' id='word_1_182' title='bbox 417 2884 572 2964; x_wconf 87' lang='lat' dir='ltr'><strong>pugnandi</strong></span> <span class='ocrx_word' id='word_1_183' title='bbox 586 2890 721 2964; x_wconf 86' lang='lat' dir='ltr'><strong>tempora</strong></span> <span class='ocrx_word' id='word_1_184' title='bbox 735 2904 849 2946; x_wconf 88' lang='lat' dir='ltr'><strong>meeum</strong></span> 
     </span>
     <span class='ocr_line' id='line_1_28' title="bbox 95 2981 1045 3061; baseline 0.002 -19"><span class='ocrx_word' id='word_1_185' title='bbox 95 2981 185 3060; x_wconf 85' lang='lat' dir='ltr'><strong>eligit</strong></span> <span class='ocrx_word' id='word_1_186' title='bbox 198 2982 325 3040; x_wconf 81' lang='lat' dir='ltr'><strong>Atrides</strong></span> <span class='ocrx_word' id='word_1_187' title='bbox 336 2985 349 3055; x_wconf 82' lang='lat'><strong>3&#39;</strong></span> <span class='ocrx_word' id='word_1_188' title='bbox 366 2987 402 3040; x_wconf 90' lang='lat' dir='ltr'><strong>tu</strong></span> <span class='ocrx_word' id='word_1_189' title='bbox 415 2987 538 3041; x_wconf 89' lang='lat' dir='ltr'><strong>tantum</strong></span> <span class='ocrx_word' id='word_1_190' title='bbox 551 3002 673 3061; x_wconf 82' lang='lat' dir='ltr'><strong>corpore</strong></span> <span class='ocrx_word' id='word_1_191' title='bbox 690 2984 806 3061; x_wconf 87' lang='lat' dir='ltr'><strong>prodes,</strong></span> <span class='ocrx_word' id='word_1_192' title='bbox 1009 3005 1045 3055; x_wconf 79' lang='lat'><strong>³⁶⁵</strong></span> 
     </span>
     <span class='ocr_line' id='line_1_29' title="bbox 96 3076 951 3159; baseline 0.005 -23"><span class='ocrx_word' id='word_1_193' title='bbox 96 3097 153 3136; x_wconf 89' lang='lat' dir='ltr'><strong>nos</strong></span> <span class='ocrx_word' id='word_1_194' title='bbox 166 3076 287 3150; x_wconf 87' lang='lat' dir='ltr'><strong>animo;</strong></span> <span class='ocrx_word' id='word_1_195' title='bbox 307 3084 489 3158; x_wconf 88' lang='lat' dir='ltr'><strong>quanteque,</strong></span> <span class='ocrx_word' id='word_1_196' title='bbox 503 3085 600 3138; x_wconf 87' lang='lat' dir='ltr'><strong>ratem</strong></span> <span class='ocrx_word' id='word_1_197' title='bbox 612 3079 665 3156; x_wconf 89' lang='lat' dir='ltr'><strong>qui</strong></span> <span class='ocrx_word' id='word_1_198' title='bbox 679 3085 837 3159; x_wconf 86' lang='lat' dir='ltr'><strong>temperat,</strong></span> <span class='ocrx_word' id='word_1_199' title='bbox 852 3083 951 3141; x_wconf 86' lang='lat' dir='ltr'><strong>anteit</strong></span> 
     </span>
     <span class='ocr_line' id='line_1_30' title="bbox 96 3174 804 3253; baseline 0.003 -20"><span class='ocrx_word' id='word_1_200' title='bbox 96 3175 220 3252; x_wconf 85' lang='lat' dir='ltr'><strong>remigis</strong></span> <span class='ocrx_word' id='word_1_201' title='bbox 233 3174 370 3248; x_wconf 82' lang='lat' dir='ltr'><strong>officium,</strong></span> <span class='ocrx_word' id='word_1_202' title='bbox 384 3182 499 3253; x_wconf 90' lang='lat' dir='ltr'><strong>quanto</strong></span> <span class='ocrx_word' id='word_1_203' title='bbox 513 3178 575 3235; x_wconf 86' lang='lat' dir='ltr'><strong>dux</strong></span> <span class='ocrx_word' id='word_1_204' title='bbox 589 3177 687 3235; x_wconf 89' lang='lat' dir='ltr'><strong>milite</strong></span> <span class='ocrx_word' id='word_1_205' title='bbox 700 3177 804 3249; x_wconf 88' lang='lat' dir='ltr'><strong>maior,</strong></span> 
     </span>
    </p>

    <p class='ocr_par' dir='ltr' id='par_1_14' title="bbox 445 3299 672 3352">
     <span class='ocr_line' id='line_1_31' title="bbox 445 3299 672 3352; baseline 0.022 -5"><span class='ocrx_word' id='word_1_206' title='bbox 445 3299 493 3348; x_wconf 76' lang='lat' dir='ltr'><strong>teo</strong></span> <span class='ocrx_word' id='word_1_207' title='bbox 510 3302 569 3348; x_wconf 77' lang='lat' dir='ltr'><strong>sunt</strong></span> <span class='ocrx_word' id='word_1_208' title='bbox 581 3299 628 3351; x_wconf 89' lang='lat' dir='ltr'><strong>tibi</strong></span> <span class='ocrx_word' id='word_1_209' title='bbox 640 3300 672 3352; x_wconf 86' lang='lat' dir='ltr'><strong>R.</strong></span> 
     </span>
    </p>
   </div>
   <div class='ocr_carea' id='block_1_5' title="bbox 0 0 1181 3848">
    <p class='ocr_par' dir='ltr' id='par_1_15' title="bbox 0 0 1181 3848">
     <span class='ocr_line' id='line_1_32' title="bbox 0 0 1181 3848; baseline 0 0"><span class='ocrx_word' id='word_1_210' title='bbox 0 0 1181 3848; x_wconf 95' lang='lat' dir='ltr'><strong> </strong></span> 
     </span>
    </p>
   </div>
  </div>
 </body>
</html>
