2322 3848
394 329 522 386 LIBER
552 327 647 386 XIII.
904 326 939 386 lt

53 484 103 523 nec
124 462 247 520 valuere
266 480 372 518 manus
392 461 518 517 infixum
538 460 661 518 educere
682 460 797 517 telum:

27 630 28 633 Ἴ
53 560 169 638 expulit
189 558 252 635 ipse
273 577 361 615 cruor
371 577 380 629 3
400 556 613 633 rubefactaque
634 556 779 632 sanguine
799 554 891 612 tellus

27 650 28 671 ³
52 674 234 734 purpureum
254 652 345 710 viridi
365 651 471 729 genuit
492 652 528 709 de
548 651 679 728 caespite
698 651 808 719 florem,
957 680 993 720 39⁵
1024 638 1028 651 ’

27 804 28 833 ζ
52 752 103 828 qui
123 751 207 829 prius
228 749 352 808 Oebalio
371 748 471 806 fuerat
491 749 529 805 de
548 747 673 805 vulnere
693 754 793 806 natus.

27 850 28 853 ’
52 849 156 906 littera
175 845 339 904 communis
359 844 466 902 mediis
486 862 633 920 pueroque
653 844 776 921 viroque

27 934 28 939 ἵ
52 943 198 1020 inscripta
218 947 265 999 est
285 940 375 1011 foliis,
393 940 465 997 haec
485 939 624 1010 nominis,
646 939 701 996 illa
721 942 877 1017 querellae.

53 1157 93 1218 By
114 1155 154 1204 the
174 1156 320 1217 persuastoc
340 1154 369 1215 os
395 1153 492 1215 Ulyssas
513 1151 654 1201 Philoctetes
676 1152 746 1214 joina
767 1153 806 1201 tlte
833 1153 928 1212 Greeks,

199 1219 315 1281 tatwine
325 1217 386 1266 eut
399 1217 454 1266 tim
468 1217 507 1265 tlte
522 1231 615 1265 orroeos
626 1217 654 1278 os
664 1218 788 1266 Hercules.

95 1348 202 1406 Victor
219 1348 257 1405 ad
278 1347 464 1424 Hypsipyles
484 1347 613 1423 patriam
633 1348 764 1425 clarique
783 1346 928 1406 Thoantis

53 1450 85 1503 et
105 1450 242 1502 veterum
262 1449 359 1501 terras
379 1443 506 1501 infames
526 1445 614 1501 caede
635 1444 768 1502 dirorum
958 1475 994 1512 «ω

54 1541 121 1599 vela
141 1541 204 1612 dat,
226 1544 261 1597 ut
281 1539 394 1597 referat
413 1540 574 1617 Tirynthia
594 1541 665 1611 tela,
687 1542 821 1617 sagittae

53 1657 129 1729 quae
142 1644 298 1716 postquam
312 1637 350 1694 ad
367 1637 480 1707 Graios,
496 1638 615 1696 domino
629 1638 800 1709 eomitante,
815 1637 940 1707 revexit,

53 1735 185 1812 inposita
205 1740 252 1793 est
272 1753 337 1792 sero
358 1734 481 1792 tandem
501 1753 607 1793 manus
627 1735 735 1792 ultima
755 1734 842 1792 bello.

55 1828 155 1911 [Troia
168 1831 258 1889 simul
272 1831 467 1907 Priamusque
479 1832 610 1888 cadunt:
632 1830 780 1889 Priameia
792 1830 922 1888 coniunx

54 1928 185 2005 perdidit
198 1928 306 1984 infelix
320 1928 448 1986 hominis
461 1933 529 2005 post
543 1929 642 1986 omnia
655 1928 790 2000 formam,
958 1959 994 1995 40⁵

55 2032 253 2101 externasque
266 2043 343 2083 novo
358 2024 472 2082 latratu
486 2026 597 2083 terruit
610 2046 686 2096 oras,

55 2121 161 2199 longus
174 2121 206 2179 in
221 2127 384 2198 angustum
396 2140 455 2197 qua
470 2121 622 2178 clauditur
635 2118 874 2200 Hellespontus]

55 2219 134 2276 Ilion
148 2217 282 2290 ardebat,
297 2237 393 2295 neque
406 2218 502 2276 adhue
516 2220 690 2277 consederat
703 2219 791 2294 ignis,

56 2312 265 2395 [exiguumque
279 2315 359 2374 senis
372 2314 485 2372 Priami
500 2316 584 2374 Iovis
597 2336 649 2373 ara
662 2336 796 2374 cruorem

54 2411 235 2469 conbiberet.
257 2416 391 2469 tractata
404 2412 494 2469 comis
509 2412 649 2470 antistita
663 2413 777 2471 Phoebi
958 2447 995 2482 410

54 2529 114 2568 non
129 2509 315 2587 profecturas
328 2509 473 2566 tendebat
486 2509 524 2566 ad
539 2509 661 2567 aethera
679 2511 800 2587 palmas.

55 2606 245 2665 Dardanidas
259 2611 369 2663 matres
384 2605 549 2682 patriorum
563 2607 648 2681 signa
663 2608 795 2678 deorum,

54 2705 125 2762 dum
139 2704 219 2773 licet,
234 2703 393 2779 amplexas,
409 2722 605 2779 succensaque
618 2704 730 2780 templa
744 2710 881 2763 tenentes

53 2799 203 2858 invidiosa
216 2799 344 2856 trahunt
358 2799 487 2856 victores
501 2799 632 2875 praemia
646 2799 727 2859 Grai.

53 2896 191 2954 mittitur
203 2897 363 2971 Astyanax
377 2894 439 2952 illis
453 2895 489 2952 de
509 2894 652 2967 turribus,
667 2896 745 2954 unde
957 2929 994 2966 41⁵

53 2998 240 3069 pugnantem
253 3012 307 3070 pro
321 3011 352 3050 se
366 2992 560 3070 proavitaque
573 3012 666 3069 regna
679 2999 815 3052 tuentem

54 3109 141 3168 saepe
154 3089 257 3148 videre
270 3095 386 3167 patrem
401 3094 600 3147 monstratum
615 3109 633 3145 a
646 3095 741 3148 matre
755 3087 892 3170 solebat]

186 3264 234 3312 406
250 3260 370 3313 auram.
536 3262 819 3315 loculamenta.

854 3381 872 3423 O
