2322 3848
423 308 551 368 LIBER
580 306 672 367 XIII.
948 306 965 363 7

74 463 140 503 esse
154 443 238 500 Iovis
255 460 409 519 pronepos,
423 442 520 497 nostri
532 458 649 515 quoque
662 438 817 515 sanguinis
830 442 935 494 auctor

75 540 217 617 Iuppiter
230 544 285 608 est,
301 536 486 613 totidemque
499 537 610 612 gradus
624 536 770 593 distamus
783 536 823 593 ab
836 535 897 593 illo.

75 655 148 693 nam
161 634 237 691 mihi
251 633 373 690 Laertes
386 638 473 709 pater
486 638 542 701 est,
557 632 698 689 Arcesius
712 630 767 700 illi,

76 731 218 808 luppiter
243 729 322 800 huic,
344 748 439 805 neque
460 728 492 785 in
514 728 561 785 his
580 729 737 804 quisquam
759 729 920 786 damnatus
940 730 971 782 et
986 754 1020 791 14⁵

198 827 278 884 exul.

76 931 125 983 est
138 943 256 1001 quoque
269 942 322 1000 per
335 929 462 980 matrem
476 922 631 999 Cyllenius
645 922 749 979 addita
761 922 848 979 nobis

76 1021 177 1079 altera
189 1019 343 1090 nobilitas
365 1019 498 1076 deusest
512 1020 545 1075 in
559 1024 685 1095 utroque
701 1024 833 1095 parente.

77 1117 129 1176 sed
145 1136 241 1192 neque
254 1121 389 1173 materno
402 1115 481 1192 quod
495 1133 562 1173 sum
575 1116 745 1192 generosior
760 1120 839 1186 ortu,

77 1233 133 1272 nec
147 1213 223 1270 mihi
236 1211 315 1288 quod
329 1217 416 1288 pater
429 1217 477 1270 est
489 1210 618 1269 fraterni
632 1209 787 1287 sanguinis
804 1213 915 1281 insons,

78 1309 234 1389 proposita
247 1328 330 1366 arma
343 1315 419 1385 peto.
443 1309 559 1367 meritis
573 1308 733 1386 expendite
745 1327 872 1367 causam.
995 1340 1032 1377 150

115 1492 157 1543 He
166 1491 246 1541 stocos
256 1491 310 1540 thot
320 1491 398 1554 Ajcc,
412 1491 504 1555 ttouqt
514 1508 531 1542 a
541 1492 667 1552 timaeo,
681 1493 704 1541 is
714 1496 755 1540 oet
765 1496 822 1540 nect
832 1491 862 1551 of
867 1491 920 1540 Iria.

80 1608 242 1667 dummodo
255 1609 335 1684 quod
348 1608 460 1666 iratres
474 1609 616 1667 Telamon
630 1608 795 1683 Peleusque
809 1606 933 1664 fuerunt

80 1708 186 1765 Aiacis
200 1707 341 1763 meritum
356 1726 416 1764 non
431 1707 481 1775 sit,
493 1726 547 1764 nec
562 1705 717 1783 sanguinis
731 1705 812 1774 ordo,

81 1802 134 1862 sed
148 1803 274 1860 virtutis
288 1802 384 1860 honor
396 1802 501 1880 spoliis
514 1808 676 1880 quaeratur
689 1803 722 1859 in
734 1801 812 1859 istis.

80 1904 137 1956 aut
151 1899 178 1956 si
192 1898 369 1975 proximitas
383 1898 555 1975 primusque
569 1898 734 1975 requiritur
747 1898 841 1968 heres,

81 2003 129 2056 est
143 1995 263 2074 genitor
276 1995 392 2066 Peleus,
409 1999 455 2053 est
469 1995 606 2072 Pyrrhus
620 1994 700 2052 filius
714 1993 770 2052 illi.
973 1982 975 1987 ’
994 2030 1030 2066 15⁵

81 2094 150 2173 quis
162 2092 246 2152 locus
259 2094 367 2151 Aiacil
395 2091 539 2150 Phthiam
552 2093 625 2151 haec
640 2080 802 2170 Soyrnmve
815 2084 959 2150 ferantur.

82 2209 138 2249 neo
151 2190 251 2248 minus
265 2194 312 2247 est
326 2188 385 2246 isto
399 2187 511 2247 Teucer
524 2189 669 2267 patruelis
683 2186 815 2247 Achilli:

82 2306 155 2345 num
170 2286 250 2364 petit
262 2284 314 2344 ille
328 2291 439 2358 tamen,
454 2305 527 2343 num
542 2288 568 2344 si
582 2292 675 2363 petat,
690 2286 808 2345 auferat
821 2285 895 2345 illel

84 2464 124 2515 Hc
134 2463 241 2527 hiemis
246 2463 381 2514 dieowered
392 2464 444 2513 ond
455 2465 557 2527 lrmeqht
567 2470 590 2514 to
605 2467 671 2530 Troy
682 2466 799 2528 Achilles,
810 2466 886 2516 whose
897 2467 967 2516 decdo

413 2545 457 2578 are
468 2529 585 2592 therefore
596 2531 643 2581 his.

84 2680 156 2737 ergo
169 2679 292 2736 operum
304 2660 445 2736 quoniam
459 2661 573 2719 nudum
587 2669 737 2722 certamen
751 2663 887 2735 habetur,

84 2754 174 2835 plura
186 2754 305 2832 quidem
319 2755 386 2827 feci,
401 2776 490 2834 quam
504 2777 580 2833 quae
593 2761 802 2836 comprendere
816 2760 906 2818 dictis
996 2787 1033 2826 περ

84 2855 118 2911 in
133 2858 274 2929 promptu
288 2851 362 2909 mihi
377 2853 425 2912 sit.
448 2873 549 2911 rerum
562 2861 665 2913 tamen
678 2857 784 2917 ordine
797 2858 895 2916 ducar.

84 2949 219 3028 praescia
233 2949 355 3007 venturi
368 2952 507 3026 genetrix
521 2951 631 3010 Nereia
644 2953 699 3011 leti

85 3044 258 3105 dissimulat
272 3044 356 3103 cultu
370 3051 484 3106 natum
507 3054 539 3105 et
553 3047 707 3127 deceperat
721 3068 830 3117 omnes,

85 3144 119 3200 in
133 3144 243 3219 quibus
256 3143 389 3215 Aiacem,
405 3150 542 3222 sumptae
555 3143 675 3203 fallacia
688 3147 790 3204 vestis.

432 3274 479 3322 163
490 3277 516 3324 ot
526 3274 610 3323 omisit
620 3274 655 3322 M.
