2330 3846
392 300 523 361 clm
550 300 584 360 X
585 301 633 360 Ν
678 324 681 329 ·
881 309 935 370 dd

43 530 137 578 Aemus
156 527 227 592 boias
247 527 306 581 tho
327 529 562 643 umm'dff
583 477 638 579 dion
660 532 731 594 rsipa
752 545 829 595 mm
852 533 924 598 lcum

421 608 450 642 aa

90 734 171 795 Inde
184 735 241 793 sub
253 734 382 794 Ascanii
396 734 515 794 dicione
528 735 691 794 binominis
704 736 787 794 Alba

39 854 143 913 resque
157 834 269 893 Latina
282 834 351 894 fuit.
375 834 507 894 succedit
521 834 635 894 Silvius
648 835 705 894 illi.

39 951 94 1009 quo
108 939 196 992 satus
209 931 336 1027 antiqup
349 933 450 991 tenuit
464 932 739 1009 repetitaLatinus

38 1032 159 1090 nomina
172 1050 241 1089 cum
255 1018 380 1109 sceptro.
402 1031 502 1089 clarus
516 1029 600 1088 subit
613 1030 697 1088 Alba
710 1029 863 1090 Latinum.

39 1127 156 1206 Epytus
169 1148 207 1187 ex
221 1128 275 1186 illo
289 1134 345 1187 ost.
367 1134 436 1205 post
450 1128 530 1186 hunc
456 1127 734 1225 Capetusque
749 1127 915 1206 Capysqua,

38 1227 87 1284 sed
103 1227 204 1303 Capys
218 1231 290 1284 ante
304 1225 374 1284 fuit
397 1244 523 1304 regnum
456 1198 696 1283 Tiberinus
710 1225 749 1283 ab
762 1225 825 1284 illis

37 1323 123 1401 cepit,
139 1323 195 1382 et
185 1342 219 1381 ιιι
232 1323 321 1382 Tusci
335 1324 489 1382 demersus
503 1322 740 1401 fluminisundis
948 1344 985 1394 ιι,

37 1421 159 1479 nomina
172 1420 247 1485 fecit
260 1412 422 1498 aquaeta'de
436 1440 494 1498 quo
508 1400 713 1499 Remulusque
728 1419 872 1498 feroxque

38 1499 152 1576 Acrota
166 1523 239 1576 sunt
252 1518 358 1595 geniti.
381 1518 529 1576 Remulus
542 1518 690 1576 maturior
703 1518 792 1577 annis

37 1613 182 1673 fulmineo
197 1614 296 1693 periit,
310 1614 608 1688 1m1tatoriulm1n1s
623 1615 695 1697 ictu.

38 1711 131 1769 lratra
147 1731 202 1770 suo
217 1717 368 1789 sceptrum
381 1712 564 1771 moderatior
576 1688 691 1771 Acrota
705 1714 779 1772 forti

37 1810 131 1867 tradit
145 1809 313 1869 Aventino.
336 1808 398 1886 qui,
412 1829 471 1886 quo
484 1815 636 1888 regnarat,
652 1811 754 1870 eodem
948 1832 986 1871 ea

37 1912 137 1966 monte
150 1906 229 1964 iacet
243 1906 360 1984 positus
373 1906 544 2008 tribuitque
557 1908 704 1967 vocabula
722 1909 828 1968 monti.

37 2003 154 2114 iamque
168 1979 327 2062 Palatinae
342 1985 490 2087 sumpiam
504 2006 600 2064 Proca
613 2005 714 2083 gentis
728 2005 869 2066 habebat.

96 2201 203 2263 storyos
210 2200 319 2249 Pomona
330 2200 382 2249 aad
398 2196 556 2251 sommam.
593 2201 642 2252 She
652 2202 715 2253 loon
725 2201 764 2251 all
774 2200 813 2251 tho
824 2204 922 2265 trusos

96 2206 324 2328 marearum,
339 2265 779 2329 bsctwillaoacostbclovcofmca.

33 2429 101 2487 rege
115 2410 176 2468 sub
189 2409 244 2467 boo
258 2409 393 2466 Pomona
405 2408 476 2481 fuit,
490 2428 550 2486 qua
563 2409 649 2467 nulla
663 2408 789 2468 Latinas

34 2507 113 2566 inter
127 2505 351 2582 hamadryadas
365 2505 459 2563 coluit
473 2505 628 2565 sollertius
642 2501 746 2564 bortos

32 2624 83 2663 uec
96 2603 164 2662 fuit
177 2601 294 2660 arborei
309 2601 473 2660 studiosior
486 2602 584 2660 altera
596 2602 697 2664 fetus:
945 2623 982 2670 aas

33 2704 109 2761 unde
124 2706 214 2760 tanet
227 2719 345 2759 nomen.
367 2719 429 2758 non
443 2700 536 2759 silvas
550 2700 605 2758 illa
618 2718 674 2758 nec
687 2718 799 2771 amnes,

31 2817 79 2857 rus
93 2803 182 2857 amat
195 2801 227 2855 et
241 2816 340 2856 ramos
353 2796 455 2855 felicia
469 2816 557 2875 poma
571 2796 712 2856 ferentes.

31 2914 82 2954 nec
94 2894 198 2954 iaculo
213 2893 315 2972 gravis
328 2899 385 2966 ast,
400 2895 452 2952 sed
467 2895 583 2953 adunca
596 2894 721 2952 dextera
733 2893 820 2965 falce,

30 3013 85 3069 qua
98 2993 193 3052 modo
207 2991 357 3050 luxuriem
370 2991 481 3070 premit
495 2999 526 3050 et
541 2992 706 3070 spatiantia
720 2990 831 3068 passim

32 3090 170 3149 bracchia
182 3089 343 3168 conpescit,
359 3090 427 3148 fisso
441 3091 529 3149 modo
543 3088 652 3148 cortice
667 3089 784 3166 lignum
944 3107 983 3158 a„

81 3245 164 3296 ola-3
181 3258 237 3293 soce
249 3241 370 3292 Latinum
383 3243 482 3308 Epytus
494 3260 525 3294 ex
536 3244 581 3294 illo
592 3246 628 3296 M.
721 3250 768 3299 629
786 3253 873 3301 contra
882 3251 917 3302 u.

351 3310 399 3358 630
416 3308 507 3358 cortice
519 3309 616 3375 virgam
627 3312 657 3361 a.

857 3416 872 3455 F
