2330 3846
403 296 533 357 HBER
561 296 644 356 m
892 304 946 366 ,ω

20 527 147 583 Acmon
167 524 238 589 bina
258 524 316 577 teo
338 465 573 639 mulii?
594 473 649 575 lton
671 528 742 590 reipsa
763 541 840 591 moop
863 529 936 592 timo

20 640 21 647 ,
432 604 461 639 ιιι

96 731 182 792 Inde
195 733 251 791 sub
264 730 393 791 Ascanii
407 731 525 790 dicione
539 730 702 790 binominis
715 731 798 790 Alba

20 844 21 847 ’
41 852 154 910 resque
169 831 280 890 Latina
292 831 362 890 fuit.
385 830 518 890 succedit
532 831 645 889 Silvius
659 830 716 890 illi.

39 949 101 1007 quo
116 935 207 988 satus
220 928 347 1007 antiquo
360 929 462 987 tenuit
475 927 751 1005 repetitaLetinus

39 1029 171 1087 nomina
184 1046 252 1085 cum
266 1008 391 1105 sceptro.
413 1027 513 1085 clarus
527 1026 611 1085 subit
624 1026 708 1084 Albe
721 1026 874 1086 Latinum.

40 1126 168 1204 Epytus
181 1144 219 1182 ex
232 1124 287 1183 illc
300 1131 355 1184 est.
378 1129 447 1202 post
461 1124 541 1182 hunc
467 1123 745 1221 Capetusque
761 1123 927 1201 Oepysque

40 1226 94 1283 sad
111 1224 215 1299 Capys
229 1228 301 1280 ante
315 1221 385 1279 fuit
408 1240 535 1299 regnum
467 1194 707 1279 Tiberinus
721 1221 836 1279 abillis

39 1321 133 1399 cepit,
149 1318 332 1378 etinTusci
346 1320 500 1378 demersus
514 1318 751 1398 fluminisundis
960 1339 997 1388 ιι,

20 1414 171 1477 nomina
184 1416 258 1499 lecit
271 1415 433 1494 aquaeue
447 1436 506 1493 quo
520 1396 725 1495 Remulusque
739 1417 883 1494 feroxque

20 1496 163 1574 Acrota
177 1520 250 1572 eunt
264 1514 369 1591 geniti.
392 1513 540 1572 Remulus
553 1514 702 1572 maturior
715 1513 803 1573 annis

20 1598 194 1689 {fulmineo
207 1610 307 1689 periit,
322 1610 460 1669 1m1tator
470 1609 620 1683 fulmims
634 1611 707 1670 ictu.

20 1711 141 1767 fratre
158 1727 213 1766 suo
228 1715 379 1786 sceptrum
392 1707 575 1766 moderatior
588 1684 703 1767 Acrota
717 1709 791 1768 forti

20 1807 142 1865 tradit
156 1805 324 1865 Aventino.
347 1805 409 1883 qui,
423 1824 482 1883 quo
495 1811 648 1884 regnarat,
664 1806 806 1866 eodem
959 1828 997 1867 ιω

41 1912 148 1963 monte
162 1903 240 1962 iacet
254 1903 371 1981 positus
385 1903 555 1981 tribuitque
568 1904 716 1962 vocabula
734 1905 839 1964 monti.

41 2003 165 2113 iamque
179 1976 338 2059 Palatinae
353 2020 502 2059 summam
516 2001 611 2060 Proca
625 2001 726 2079 gentis
739 2002 881 2061 habebat.

44 2200 95 2249 The
106 2204 178 2260 sorry
120 2198 215 2260 mos
221 2197 331 2246 Pmoooo
341 2198 393 2245 aaut
410 2192 568 2248 chmom.
605 2197 653 2248 She
664 2198 727 2248 bees
736 2197 776 2248 ull
786 2196 825 2246 Ωιι
835 2199 934 2260 trusos

184 2263 223 2311 tlte
233 2263 336 2325 φανεῖσι,
350 2262 393 2310 but
403 2263 459 2311 will
470 2277 532 2312 nom
543 2263 572 2325 os
579 2262 619 2312 tlte
630 2263 680 2312 looe
691 2262 790 2324 ofmm

39 2427 111 2486 rege
128 2406 188 2466 sub
201 2405 256 2464 hoc
269 2405 404 2464 Pomona
417 2404 488 2477 fuit,
502 2425 561 2483 qua
575 2405 661 2463 nulla
675 2404 800 2464 Latinas

20 2516 22 2543 l
39 2506 125 2564 inter
139 2502 363 2579 hamadryadas
376 2501 471 2560 coluit
484 2502 640 2561 sollertius
653 2497 758 2560 hortos

39 2623 95 2662 nec
108 2599 177 2660 fuit
189 2599 306 2657 arborei
320 2599 485 2657 studiosior
498 2598 596 2656 altera
609 2598 709 2660 letus:
958 2618 994 2666 ει,

39 2701 122 2760 unde
136 2704 226 2756 tenet
239 2716 356 2756 nomen.
379 2716 441 2755 non
455 2697 548 2756 silvas
561 2697 617 2754 illa
631 2715 686 2754 nec
699 2715 811 2767 amnes,

20 2817 91 2856 rus
105 2800 195 2854 amat
208 2800 239 2852 et
253 2813 351 2852 ramos
364 2792 467 2852 felicia
481 2813 569 2872 poma
582 2793 724 2852 ferentes

20 2904 94 2954 nec
108 2891 211 2952 iaculo
225 2891 326 2969 gravis
340 2895 396 2963 eet,
412 2892 464 2949 sed
478 2891 595 2949 adunca
608 2891 733 2949 dextere
745 2889 832 2961 falce,

37 3013 98 3070 qua
112 2988 206 3050 modo
219 2989 369 3048 luxuriem
382 2989 493 3067 premit
507 2994 538 3047 et
553 2988 718 3065 spatiantia
732 2986 843 3065 passim

39 3086 183 3148 bracchia
195 3087 355 3165 conpescit,
370 3087 439 3144 fisso
453 3088 541 3144 modo
555 3084 665 3144 cortice
679 3085 796 3162 lignum
956 3103 995 3154 ιφ

95 3241 177 3305 61273
194 3254 249 3290 ecce
262 3238 382 3289 Latinum
395 3240 494 3305 Epytus
506 3257 537 3290 ex
548 3240 593 3291 illo
605 3243 640 3293 M.
733 3247 781 3295 629
798 3249 885 3298 contra
894 3247 929 3298 M.

363 3307 411 3356 630
428 3306 519 3355 cortice
531 3306 628 3371 virgam
639 3309 669 3358 R.

869 3412 884 3450 Ε
