2330 3846
180 262 217 319 56
321 262 460 321 OVIDII
485 263 885 323 METAMORPHOSEON

126 421 163 462 395
176 392 278 469 pluma
291 392 336 462 fit,
351 400 382 451 et
396 393 482 452 fulvo
496 394 598 452 cervix
612 392 816 470 praecingitur
829 413 919 451 auro.

179 508 233 547 nec
246 488 404 566 quicquam
417 490 576 567 antiquum
590 490 661 548 Pico
675 488 735 547 nisi
748 490 870 561 nomina
882 496 986 550 restat

1159 540 1161 659 t

189 659 240 707 His
256 661 402 724 attendam
414 661 522 722 furious
538 665 565 709 at
579 661 618 709 tta
635 662 681 710 loss
698 661 727 722 os
742 660 807 709 thee
821 663 913 723 mace,
932 663 1015 710 caecil
1034 663 1082 714 Usa

189 724 296 785 reddare,
317 725 360 773 bret
378 725 419 773 ete
439 726 470 787 ty
486 726 737 839 dreweblmqogcere'cs
755 740 838 775 maces
854 726 918 774 them
936 730 960 774 to
981 727 1082 778 breuno

220 903 342 960 Interea
356 902 488 972 comites,
504 901 632 960 clamato
647 922 733 981 saepe
747 922 800 980 per
812 922 900 980 agros

179 1000 358 1077 nequiquam
372 1001 443 1059 Pico
458 1001 600 1077 nullaque
614 1001 647 1058 in
660 1007 746 1078 parte
760 1008 885 1077 reperto,

178 1098 339 1154 inveniunt
353 1097 580 1167 Circen-nam
593 1098 654 1155 iam
668 1105 847 1156 tenuaverat
860 1119 949 1157 auras

126 1226 163 1261 400
176 1214 320 1272 passaque
334 1202 400 1253 erat
413 1197 538 1255 nebulas
552 1199 652 1255 ventis
667 1217 701 1254 ac
715 1198 777 1255 sole
793 1196 949 1254 recludi—

178 1292 412 1369 criminibusque
425 1299 566 1370 premunt
580 1296 661 1352 veris
676 1313 833 1371 regemque
847 1300 1012 1370 reposcunt

178 1389 298 1465 vimque
311 1389 415 1447 ferunt
429 1389 583 1466 saevisque
596 1396 705 1465 parant
719 1390 865 1448 incessere
878 1390 957 1448 telis.

178 1483 232 1542 illa
246 1504 354 1543 nocens
368 1487 483 1563 spargit
497 1486 581 1543 virus
595 1505 737 1562 sucosque
752 1485 860 1543 veneni

178 1586 209 1638 et
222 1581 351 1639 Noctem
364 1582 529 1659 Noctisque
544 1582 614 1640 deos
628 1582 783 1658 Ereboque
797 1581 935 1658 Ohaoque

126 1709 161 1745 ⁴05
175 1684 319 1736 convocat
332 1685 364 1735 et
378 1679 476 1754 longis
491 1679 627 1737 Hecaten
643 1679 809 1736 ululatibus
823 1683 907 1736 orat:

178 1774 324 1833 exsiluere
338 1776 526 1833 loco-dictu
539 1775 819 1845 mirabile—silvae,

178 1871 382 1948 ingemuitque
397 1871 503 1941 solum,
517 1870 673 1948 vicinaque
687 1871 796 1947 palluit
810 1872 906 1942 arbor,

179 1987 337 2045 sparsaque
352 1967 523 2046 sanguineis
537 1969 718 2025 maduerunt
733 1968 843 2045 pabula
859 1968 968 2045 guttis,

178 2072 210 2124 et
223 2065 337 2141 lapides
351 2067 411 2124 visi
424 2066 559 2142 mugitus
572 2067 659 2123 edere
673 2084 778 2123 raucos

126 2194 163 2230 410
176 2167 208 2220 et
220 2161 332 2220 latrare
346 2182 434 2220 canes
448 2168 479 2220 et
493 2161 602 2219 humus
616 2162 806 2238 serpentibus
819 2161 893 2219 atris

180 2257 315 2333 squalere
328 2265 360 2316 et
373 2265 479 2316 tenues
493 2258 610 2315 animae
623 2258 752 2315 volitare
767 2257 917 2315 silentum.

179 2355 345 2412 attonitum
358 2355 501 2413 monstris
516 2355 626 2430 vulgus
639 2361 748 2431 pavet:
769 2354 823 2412 illa
836 2355 975 2432 paventis

179 2472 232 2510 ora
245 2458 395 2509 venenata
407 2451 513 2528 tetigit
527 2451 669 2508 mirantia
682 2452 777 2528 virga,

179 2551 264 2608 cuius
277 2550 315 2608 ab
329 2554 447 2606 attactu
460 2547 611 2604 variarum
629 2553 764 2605 monstra
777 2547 908 2605 ferarum

127 2677 162 2715 ⁴1⁵
176 2647 209 2704 in
222 2648 345 2705 iuvenes
360 2645 494 2704 veniunt.
518 2644 597 2702 nulli
612 2664 666 2702 sua
680 2644 792 2702 mansit
806 2644 912 2720 image.

192 2822 265 2884 After
275 2823 336 2870 vain
346 2821 430 2870 search
439 2821 511 2869 mede
524 2820 618 2869 Oescus
629 2822 658 2868 ia
666 2820 758 2881 fream
766 2835 820 2881 poce
829 2825 915 2883 estrey
925 2823 978 2871 aad
989 2838 1025 2871 cn
1035 2825 1086 2874 the

320 2886 396 2934 baeles
406 2885 435 2947 of
446 2885 518 2934 Tiber
525 2885 572 2946 for
582 2888 647 2933 atter
656 2884 724 2946 grief
730 2885 843 2933 cenatas
854 2889 876 2935 to
887 2888 935 2934 air.

223 3002 379 3078 Sparserat
396 2999 535 3058 occiduus
549 3000 700 3057 Tartessia
714 2999 804 3057 litora
819 3000 957 3059 Phoebus

181 3104 212 3156 et
225 3098 339 3156 frustra
352 3098 483 3155 coniunx
497 3097 591 3155 oculis
605 3097 762 3174 animoque
776 3098 919 3155 Canentis

492 3229 538 3276 396
554 3226 653 3292 antiqui
665 3228 700 3278 M.
