2330 3846
472 317 598 373 BIBER
629 316 709 372 XIV.

117 459 196 506 ‘seu
211 448 265 503 dea
278 452 314 503 tu
326 463 473 521 praesens,
489 462 541 500 seu
555 443 601 499 dis
615 442 802 517 gratissima,’
817 440 896 494 dixit

116 551 126 577 ⁴
141 545 278 602 numinis
291 544 389 599 instar
402 541 460 597 eris
474 557 588 614 semper
601 537 683 606 mihi,
697 555 801 612 meque
813 535 930 592 fatebor

116 641 261 699 muneris
273 659 335 697 esse
349 640 404 706 tui,
419 657 494 713 quae
509 656 555 694 1111
568 635 631 692 loca
645 636 750 691 mortis
764 634 854 701 adire,
1030 659 1064 694 115

116 756 203 814 quae
217 735 280 792 loca
293 754 339 792 me
353 736 434 791 visae
447 733 572 790 voluisti
585 730 710 787 evadere
724 729 836 786 mortis.

118 858 179 915 pro
191 838 302 913 quibus
316 836 410 892 aerias
425 835 540 891 meritis
554 841 674 891 evectus
687 835 726 891 ad
740 850 828 890 auras

117 933 241 1009 templa
253 932 311 990 tibi
324 936 464 998 statuam,
480 931 613 987 tribuam
626 932 683 988 tibi
698 931 775 987 turis
790 926 950 986 honorem’

119 1029 251 1105 respicit
264 1029 342 1085 hunc
356 1033 441 1085 vates
455 1032 485 1083 et
500 1028 697 1101 suspiratibus
711 1025 826 1083 haustis

122 1138 133 1163 ⁴
147 1146 205 1184 nec
219 1126 273 1182 dea
287 1124 371 1192 sum,'
387 1124 464 1180 dixit
479 1128 550 1179 ‘nec
564 1124 639 1180 sacri
654 1124 730 1180 turis
744 1122 855 1179 honore
1033 1148 1069 1186 130

121 1227 296 1283 humanum
309 1220 431 1295 dignare
444 1226 540 1295 caput.
562 1239 620 1276 neu
634 1219 749 1276 nescius
764 1237 860 1276 erres:

122 1323 185 1378 lux
200 1325 322 1376 aeterna
335 1316 408 1372 mihi
422 1316 611 1392 carituraque
624 1316 682 1373 fine
697 1316 833 1383 dabatur,

124 1416 157 1474 si
171 1434 239 1471 mea
252 1413 411 1489 virginitas
425 1412 546 1469 Phoebo
560 1413 707 1488 patuisset
721 1412 841 1470 amanti.

127 1513 207 1569 dum
220 1517 320 1566 tamen
334 1510 409 1565 hanc
424 1514 531 1584 sperat,
548 1509 618 1565 dum
632 1526 888 1584 praecorrumpere
903 1505 988 1563 donis

127 1626 180 1665 me
195 1605 286 1682 cupit,
303 1605 411 1679 ‘elige'
424 1605 468 1661 ait
483 1605 584 1679 ‘virgo
599 1606 734 1673 Cumaea,
750 1605 821 1681 quid
836 1609 938 1681 optes:
1036 1633 1069 1669 135

129 1702 247 1780 optatis
260 1701 372 1777 potiere
386 1700 464 1759 tuis)
486 1720 540 1776 ego
553 1701 684 1776 pulveris
697 1700 798 1757 hausti

131 1799 254 1858 ostendi
267 1797 436 1855 cumulum:
457 1803 530 1873 quot
544 1798 668 1854 haberet
682 1817 804 1872 corpora
818 1795 925 1871 pulvis,

130 1902 183 1953 tot
198 1895 271 1952 mihi
285 1894 402 1950 natales
416 1894 587 1969 contingere
602 1913 679 1950 vana
692 1893 803 1969 rogavi.

130 1990 255 2057 excidit,
271 1996 305 2045 ut
319 1994 450 2064 peterem
463 1988 585 2044 iuvenes
598 2007 713 2063 quoque
726 1988 863 2063 protinus
876 2007 975 2045 annos.

132 2088 190 2144 hos
205 2091 305 2142 tamen
318 2085 370 2141 ille
383 2085 457 2140 mihi
471 2084 562 2141 dabat
576 2091 784 2159 aeternamque
799 2084 960 2152 iuventam,
1037 2115 1072 2149 140

133 2182 161 2237 si
175 2178 325 2235 Venerem
338 2182 463 2253 paterer.
485 2181 655 2246 contempto
669 2195 790 2234 munere
804 2177 917 2234 Phoebi

132 2274 251 2334 innuba
263 2291 428 2349 permaneo
452 2273 502 2330 sed
517 2273 574 2329 11111
590 2271 704 2330 felicior
718 2278 801 2330 aetas

133 2378 224 2446 terga
237 2370 328 2438 dedit,
343 2368 528 2445 tremuloque
542 2369 637 2444 gradu
651 2369 735 2427 venit
749 2389 837 2445 aegra
855 2375 997 2427 senectus.

134 2486 213 2544 quae
226 2466 367 2541 patienda
381 2465 433 2523 diu
447 2471 501 2523 est.
524 2485 594 2522 nam
607 2467 666 2522 iam
680 2465 754 2521 mihi
767 2465 883 2522 saecula
897 2471 1007 2541 septem

134 2568 207 2620 acta
220 2562 321 2619 vides:
343 2567 485 2636 superest,
500 2581 637 2619 numeros
651 2569 686 2617 ut
700 2560 832 2637 pulveris
845 2580 974 2637 aequem,
1040 2592 1073 2627 115

135 2667 188 2718 111
200 2665 319 2717 centum
333 2677 450 2726 messos,
465 2663 512 2714 ter
525 2664 644 2715 centum
657 2663 757 2714 musta
770 2658 879 2715 videre.

135 2764 258 2831 tempus
271 2756 337 2824 erit,
353 2773 420 2811 cum
435 2755 471 2810 de
485 2760 571 2811 tanto
584 2774 631 2810 me
644 2772 764 2829 corpore
777 2772 900 2828 parvam

136 2856 230 2928 longa
243 2852 304 2910 dies
318 2851 417 2918 faciet,
432 2857 664 2926 consumptaque
677 2851 809 2906 membra
823 2856 941 2907 senecta

135 2950 176 3007 ad
192 2949 346 3004 minimum
359 2947 533 3022 redigentur
547 2966 628 3004 onus,
652 2965 705 3003 nec
718 2953 818 3003 amata
832 2946 955 3004 videbor

136 3065 194 3105 nec
207 3045 351 3121 placuisse
365 3045 427 3102 deo.
451 3043 589 3100 Phoebus
603 3063 717 3118 quoque
731 3044 859 3100 forsitan
872 3043 935 3118 ipse
1040 3071 1075 3108 150

138 3136 190 3194 vel
204 3156 263 3194 non
277 3141 440 3213 cognoscet,
455 3134 503 3192 vel
518 3135 811 3210 11111111111111311111,Ι

283 3247 329 3295 128
346 3244 494 3294 1111111111.
640 3238 884 3294 mimendensis.
