2322 3848
423 301 550 358 LIBER
581 300 675 357 XIII.

76 433 109 488 in
122 430 246 488 Danaas
259 429 379 488 classes,
401 429 452 486 nbi
466 448 545 485 nune
559 427 707 485 facundus
721 426 850 485 Ulixesl

77 547 184 605 nempe
198 547 253 604 ego
266 526 349 585 mille
363 545 428 584 meo
441 524 559 603 protexi
573 529 692 601 pectore
706 543 827 601 puppes,

78 643 161 702 spem
175 625 270 682 vestri
283 624 408 687 reditus.
432 624 502 681 date
516 643 570 700 pro
583 628 631 680 tot
645 623 774 679 navibus
788 640 878 678 arma.

77 721 157 798 quod
172 722 199 778 si
212 740 284 778 vera
297 721 368 779 lieet
382 720 457 777 mihi
471 720 577 792 dicere,
592 719 747 796 quaeritur
759 718 835 786 istis,
1000 745 1024 785 9⁵

78 837 170 895 quam
182 817 267 889 mihi,
281 817 376 875 maior
388 817 492 889 honos,
501 817 717 892 coniunctaque
731 814 828 892 gloria
841 818 945 870 nostra
959 816 1014 880 est,

78 921 172 993 atque
185 914 268 972 Aiax
281 914 381 985 armis,
396 934 458 972 non
472 913 561 971 Aiaci
574 932 657 971 arma
671 917 824 989 petuntur.

79 1011 217 1071 conferat
231 1011 279 1069 his
293 1011 416 1070 Ithacus
431 1011 566 1069 Rhesum
580 1009 781 1086 inbellemque
796 1007 915 1065 Dolona

80 1108 313 1185 Priamidenque
326 1108 479 1166 Helenum
492 1112 580 1183 rapta
594 1125 661 1164 eum
676 1106 800 1164 Pallade
814 1109 952 1181 captum:

79 1203 146 1260 luoe
159 1202 239 1259 nihil
253 1209 381 1278 gestum,
395 1200 473 1258 nihil
487 1207 533 1258 est
548 1200 693 1258 Diomede
707 1205 828 1258 remoto.

80 1300 107 1358 si
121 1298 213 1357 semel
227 1299 288 1356 ista
301 1299 382 1357 datis
396 1298 514 1356 meritis
528 1304 592 1354 tam
606 1297 719 1364 vilibus
733 1314 824 1367 arma,

81 1395 220 1466 dividite,
234 1400 266 1452 et
279 1414 349 1471 pars
363 1394 405 1452 sit
418 1394 514 1452 maior
527 1393 682 1451 Diomedis
697 1393 728 1449 in
743 1392 812 1450 illis.

85 1573 182 1635 vzyoa
198 1575 285 1621 manet
304 1586 370 1620 wear
385 1572 445 1621 aaa
461 1587 572 1631 amour,
594 1572 674 1622 which
691 1571 774 1620 wortld
795 1570 853 1633 only
873 1570 963 1619 hindar

353 1636 488 1699 hiefliqht.
521 1638 546 1685 Α
559 1637 689 1699 elialleaqo.

81 1775 141 1834 quo
154 1761 257 1812 tamen
271 1754 342 1812 haec
356 1753 483 1812 lthaeol
497 1756 549 1831 qui
563 1754 649 1827 olam,
662 1755 713 1830 qui
729 1772 845 1830 semper
857 1752 980 1836 inermis

83 1872 147 1910 rem
161 1851 242 1928 gerit
255 1856 287 1908 et
300 1850 393 1908 furtis
407 1850 562 1908 incautum
576 1849 687 1927 decipit
702 1851 840 1908 hosteml

82 1951 146 2027 ipse
160 1949 244 2006 nitor
257 1947 360 2025 galeae
373 1949 453 2005 claro
467 1946 615 2004 radiantis
629 1948 668 2005 ab
682 1967 754 2005 auro
993 1976 1027 2010 ως

82 2045 209 2104 insidias
225 2045 332 2122 prodet
345 2043 611 2119 manifestabitque
625 2027 777 2102 latentem.

83 2142 134 2202 sed
149 2161 246 2218 neque
259 2139 418 2198 Dulichius
432 2142 487 2198 sub
501 2140 631 2198 Achillis
645 2140 759 2198 casside
773 2146 878 2198 vertex

83 2239 216 2317 pondera
228 2241 317 2294 tanta
329 2237 417 2309 leret,
432 2255 486 2294 nee
499 2256 560 2295 non
575 2257 698 2295 onerosa
712 2238 870 2314 gravisque

83 2322 186 2394 Pelias
200 2324 289 2392 hasta
303 2338 404 2411 potest
418 2332 582 2392 inbellibus
596 2354 660 2393 esse
674 2334 805 2407 lacertis,

83 2452 140 2492 nee
151 2432 266 2508 clipeus
280 2431 360 2490 vasti
374 2431 506 2489 caelatus
520 2432 651 2509 imagine
665 2432 770 2490 mundi
994 2461 1030 2490 ιω

82 2527 243 2587 conveniet
256 2527 380 2585 timidae
392 2532 539 2603 nataeque
553 2529 591 2586 ed
606 2528 690 2586 furta
707 2528 855 2586 sinistrae.

83 2625 317 2686 debilitaturum
329 2624 401 2701 quid
415 2630 447 2682 te
461 2625 548 2702 petis,
563 2626 705 2703 improbe,
720 2628 849 2684 munusl

83 2718 165 2802 quod
179 2723 238 2781 tibi
253 2723 278 2781 si
292 2723 395 2800 populi
410 2723 568 2780 donaverit
582 2743 664 2781 error
678 2722 797 2793 Achivi,

83 2840 139 2880 our
152 2819 298 2898 spolieris,
315 2819 383 2890 erit,
398 2838 459 2877 non
472 2837 526 2877 eur
540 2818 684 2877 metuaris
698 2820 735 2876 ab
750 2820 845 2890 hoste,

83 2923 117 2975 et
128 2906 214 2993 luga,
228 2936 287 2993 qua
300 2915 364 2974 sola
382 2921 514 2984 cunctos,
529 2914 729 2984 timidissime,
744 2914 850 2986 vineis,
995 2945 1029 2984 ιι,

83 3013 177 3072 tarda
189 3012 295 3071 futura
308 3011 367 3070 tibi
381 3018 427 3071 est
441 3012 609 3090 gestamina
623 3017 711 3070 tanta
724 3011 868 3071 trahenti.

84 3108 163 3169 adde
175 3109 255 3188 quod
269 3109 327 3168 iste
340 3114 422 3181 tuus,
437 3115 501 3167 tam
514 3128 582 3167 raro
595 3108 708 3186 proelia
721 3128 835 3185 passus,

293 3267 324 3315 94
340 3269 380 3315 tot
390 3280 436 3330 pro
446 3265 481 3315 M.
585 3266 632 3314 110
649 3265 777 3313 sonaretur
788 3262 824 3312 Μ.
