2330 3846
425 318 553 376 LIBER
583 318 666 376 XIV.
927 314 965 373 59

77 450 158 509 velle
171 449 217 509 s'ui
230 449 361 527 populos,
377 453 431 506 aut
444 467 518 526 quos
532 467 549 506 e
561 453 652 524 gente
665 465 786 506 suorum

78 551 184 617 armet,
199 546 309 605 habere
322 545 413 603 viros.
430 551 525 602 ‘neve
538 543 611 602 haec
624 547 792 601 commenta
805 539 928 618 putetis,

77 645 236 702 admonitu
249 660 428 720 quamquam
442 645 605 700 renovetur
619 640 720 698 luctus
734 656 854 717 amarus
987 656 1025 705 ⁴⁶⁵

78 740 231 818 perpetiar
242 758 406 798 memorare
416 743 525 797 tamon.
548 743 705 814 postquam
713 735 777 793 alte
784 739 917 793 cremata
926 738 972 792 est

78 838 164 906 flios,
178 842 210 895 et
222 838 345 894 Danaae
358 839 508 913 paverunt
522 835 669 911 Pergama
681 834 781 901 Diras,

78 933 287 1010 Naryciusque
301 932 396 1001 heroe,
410 952 429 989 a
441 930 558 1008 virgine
572 930 691 1007 virgine
703 934 799 1007 rapta,

76 1047 170 1106 quam
182 1028 293 1086 meruit
306 1047 431 1106 poenam
451 1028 541 1095 solus,
556 1027 681 1104 digessit
696 1027 728 1082 in
741 1043 851 1093 omnes,

78 1126 249 1202 spargimur
261 1131 293 1183 et
307 1124 408 1183 ventis
421 1124 542 1182 inimica
555 1143 608 1202 per
621 1143 750 1200 aequora
762 1121 843 1200 rapti
989 1153 1025 1190 ⁴70

77 1222 218 1290 fulmina,
232 1228 361 1291 noctem,
374 1222 492 1289 imbres,
507 1221 584 1278 iram
597 1220 729 1297 caelique
743 1220 894 1295 murisque

78 1319 264 1397 perpetimur
277 1318 377 1377 Danai
389 1318 598 1395 cumulumque
613 1318 766 1395 Capherea
780 1316 884 1375 cladis.

78 1436 156 1476 neve
171 1436 269 1474 morer
282 1416 416 1475 referens
429 1417 535 1474 tristes
549 1436 586 1474 ex
600 1416 705 1473 ordine
718 1434 813 1484 casus,

79 1513 205 1572 Graecia
218 1518 285 1571 tum
298 1514 398 1591 potuit
411 1512 531 1571 Priamo
545 1532 661 1590 quoque
674 1512 772 1569 flenda
785 1510 889 1569 rideri

79 1629 125 1669 me
138 1616 243 1668 tamen
257 1609 414 1668 armiferae
428 1616 580 1668 servatum
594 1629 666 1667 cure
680 1609 837 1666 Minervae

79 1708 222 1766 fluctibus
236 1707 357 1784 eripuit.
400 1708 507 1786 patriis
521 1707 572 1765 sed
586 1726 692 1765 rursus
705 1706 743 1764 ab
754 1706 834 1782 egris

79 1804 184 1882 pellor,
199 1810 232 1863 et
245 1806 370 1881 antiquo
384 1824 528 1891 memores
542 1805 579 1863 de
593 1804 717 1862 vulnere
731 1823 841 1881 poenas

79 1901 176 1979 exigit
189 1901 270 1959 alma
283 1902 398 1972 Venus,
412 1907 573 1978 tantosque
587 1900 716 1980 peralta
730 1900 847 1959 labores

79 2015 210 2075 aequora
223 1999 361 2068 sustinui,
376 2003 479 2056 tantos
493 1998 688 2056 terrestribus
700 1998 800 2067 armis,

79 2101 115 2154 ut
128 2094 206 2152 mihi
220 2093 322 2154 felices
335 2095 399 2152 sint
412 2095 460 2153 illi
473 2114 559 2172 saepe
572 2096 680 2166 vocati,
991 2114 1028 2163 eo
1081 2090 1086 2105 '

78 2211 155 2269 quos
169 2191 335 2250 communis
348 2192 443 2250 hiems
456 2192 703 2270 importunusque
717 2192 888 2270 Caphereus

78 2288 187 2346 mersit
199 2288 293 2364 aquis,
308 2288 474 2364 vellemque
488 2288 594 2346 horum
607 2307 676 2366 pars
690 2307 751 2345 una
763 2287 895 2346 fuissem.

78 2514 144 2564 Alco
154 2513 198 2563 she
208 2513 317 2576 chorrad
327 2517 350 2562 to
360 2514 400 2563 rue
411 2515 514 2564 latrasse
524 2515 554 2577 ff
559 2530 642 2564 suone
651 2530 715 2565 sorar
723 2515 752 2578 of
758 2515 799 2564 tis
809 2516 965 2577 carpentem

326 2578 380 2627 rua
390 2580 463 2628 mode
474 2579 537 2642 liqut
547 2580 576 2642 os
583 2581 627 2629 ter
637 2595 720 2643 onom.

78 2720 193 2779 ultima
205 2718 266 2776 iam
280 2719 360 2796 passi
373 2719 496 2778 comites
510 2716 647 2797 belloque
660 2720 796 2798 fretoque

77 2818 228 2877 deficiunt
241 2815 388 2893 finemque
401 2822 510 2895 rogant
524 2817 641 2876 erroris.
683 2824 717 2876 at
725 2819 843 2877 Acmon

76 2914 220 2974 fervidus
234 2912 362 2989 ingenio,
377 2920 444 2972 tum
458 2932 528 2971 vero
542 2920 574 2972 et
587 2914 723 2975 cladibus
736 2935 832 2992 asper,
992 2935 1028 2984 ,es

78 3009 187 3090 “quid
200 3015 345 3086 superest,
361 3010 440 3088 quod
454 3012 513 3068 iam
527 3011 675 3089 patientia
684 3017 787 3071 vestra
799 3017 916 3071 recuset

76 3109 172 3179 ier-re,
187 3107 248 3166 viri
258 3107 289 3167 Γ
305 3107 384 3166 dixit
399 3108 488 3185 ‘quid
502 3108 593 3167 habet
607 3109 764 3187 Cytherea,
778 3110 857 3188 quod
872 3109 961 3180 ultra,

183 3234 230 3312 ret
248 3261 332 3313 luctus
343 3268 494 3313 renoventur
505 3264 583 3314 amari
593 3265 629 3314 M.
730 3264 775 3315 467
794 3262 859 3313 Ilion
870 3263 906 3314 M.
