2322 3848
451 284 578 342 LIBER
608 284 703 344 XIII.
954 283 991 340 23

272 440 321 490 Sto
330 440 397 489 takes
407 455 425 489 a
434 440 552 501 &adjut
562 455 691 503 macrones
700 454 732 489 oa
741 439 896 502 Polymestcr.

106 566 167 624 qua
179 547 271 605 simul
283 546 405 618 exarsit,
419 553 572 625 tamquam
584 547 687 624 regina
700 551 843 610 maneret.
1009 577 1046 615 545

106 644 212 703 ulcisci
225 645 335 703 statuit
348 664 516 722 poenaeque
530 644 563 702 in
576 644 705 721 imagine
718 650 785 701 tota
797 648 851 701 est

106 748 201 819 utque
215 740 293 799 furit
306 741 405 799 catulo
418 742 548 799 lactente
562 741 669 799 orbata
682 740 793 812 leaena,

107 839 253 915 signaque
279 843 369 895 nacta
392 838 500 914 pedum
529 837 673 915 sequitur,
701 856 788 915 quem
814 856 874 895 uon
900 837 992 909 videt,

190 934 317 1006 hostem,

107 1032 151 1089 sic
164 1030 300 1102 Hecuba,
314 1035 471 1108 postquam
484 1050 552 1089 cum
565 1030 650 1088 luctu
663 1028 784 1087 miscuit
797 1030 880 1102 iram,

107 1148 169 1188 non
182 1128 279 1187 oblita
292 1127 465 1200 animorum,
480 1148 627 1186 annorum
641 1127 736 1186 oblita
750 1147 877 1200 suorum,
1011 1157 1048 1194 550

107 1224 194 1282 vadit
208 1224 246 1281 ad
260 1223 403 1281 artificem
416 1224 507 1295 dnae,
522 1223 740 1300 Polymestore,
754 1224 861 1294 caedis,

106 1321 345 1398 colloquiumque
358 1319 453 1398 petit:
474 1340 544 1378 nam
558 1340 589 1379 se
603 1325 770 1379 monstrare
783 1320 921 1379 relictum

108 1417 187 1476 velle
200 1417 299 1474 latens
313 1414 368 1488 illi,
382 1416 461 1492 quod
475 1422 547 1474 nato
561 1417 709 1488 redderet,
723 1436 837 1474 aurum.

107 1512 237 1573 credidit
250 1512 403 1588 Odrysius,
418 1513 601 1590 praedaeque
621 1514 763 1571 adsuetus
776 1532 875 1572 amore

108 1614 141 1669 in
154 1615 269 1669 secreta
282 1610 376 1668 venit.
396 1614 463 1666 tum
477 1609 587 1667 blando
601 1609 727 1667 callidus
740 1629 792 1669 ore
1012 1638 1047 1678 5⁵5

109 1708 203 1767 ‘tolle
215 1725 322 1775 moras,
337 1705 481 1776 Hecuba,'
498 1705 576 1763 dixit
594 1707 650 1763 ‘da
669 1726 793 1765 munera
806 1712 887 1766 nato.

108 1823 196 1863 omne
209 1803 274 1861 fore
288 1802 370 1861 illius
383 1802 462 1879 quod
477 1804 537 1875 dae,
553 1803 631 1878 quod
645 1808 676 1861 et
690 1808 761 1860 ante
774 1803 893 1873 dedisti,

108 1921 161 1978 per
174 1918 296 1976 superos
309 1898 396 1957 iuro?
418 1904 533 1976 spectat
552 1898 725 1957 truculenta
738 1899 908 1975 loquentem

107 2000 244 2075 falseque
257 1999 415 2069 iurantem,
430 1998 604 2075 tumidaque
618 2002 774 2057 exaestuat
794 1998 848 2069 ira,

107 2103 199 2173 atque
212 2095 257 2153 ita
269 2100 405 2171 correpto
418 2094 606 2171 captivarum
619 2095 739 2171 agmina
753 2099 884 2153 matrum
1011 2113 1048 2161 5⁶0

107 2194 239 2262 invocat,
253 2195 285 2248 et
299 2190 410 2267 digitos
423 2189 455 2246 in
465 2190 578 2263 perfida
591 2189 708 2272 lumina
720 2190 822 2248 condit

105 2287 290 2366 expellitque
303 2286 386 2364 genis
400 2286 613 2345 oculos—facit
625 2285 671 2343 ira
684 2287 873 2345 valentem-

105 2384 308 2462 inmergitque
321 2402 425 2441 manus
437 2383 615 2460 foedataque
628 2384 771 2460 sanguine
782 2384 862 2441 sonti

105 2503 169 2542 non
184 2482 293 2553 lumen,
307 2500 402 2559 neque
415 2480 494 2539 enim
505 2486 648 2559 superest,
662 2481 726 2540 loca
739 2481 860 2539 luminis
870 2480 979 2538 haurit.

348 2626 402 2675 Her
418 2630 516 2688 strowe
533 2627 743 2688 transformatus.

105 2735 193 2793 clade
206 2733 254 2791 sui
267 2732 414 2790 Threcum
426 2750 500 2809 gens
513 2731 638 2789 inritata
651 2732 774 2808 tyranni
1012 2748 1047 2797 ⁵⁶⁵

105 2831 225 2890 Troada
238 2828 364 2888 telorum
378 2828 568 2905 lapidumque
581 2827 726 2886 incessere
739 2828 820 2886 iactu

105 2926 213 3004 coepit.
255 2930 288 2983 at
300 2925 372 2983 haec
385 2924 508 2982 missum
520 2943 609 2982 rauco
621 2944 689 2981 cum
701 2942 852 2981 murmure
866 2941 969 2980 saxum

106 3025 255 3085 morsibus
269 3024 445 3101 insequitur,
460 3022 596 3100 rictuque
609 3023 642 3080 iu
655 3023 746 3080 verba
759 3027 863 3099 parato

106 3124 241 3197 latravit,
256 3128 363 3182 conata
375 3122 465 3199 loqui.
508 3121 590 3180 locus
602 3127 687 3179 extat
700 3127 732 3180 et
745 3141 782 3180 ex
795 3141 827 3179 re

107 3247 199 3297 tlt-50
215 3246 287 3294 amca
297 3244 400 3293 inclusit
410 3242 446 3292 M.
483 3243 529 3293 656
545 3241 655 3302 Hecuba,
668 3241 742 3293 etti.
777 3242 823 3290 662
840 3237 935 3305 expilat
946 3240 980 3288 Μ.
