2330 3846
424 329 552 387 LIBER
579 329 661 389 XIV.

62 458 148 517 scire
162 456 415 517 dedit-referam
429 463 496 517 tota
508 458 665 520 notissima
679 461 777 539 prro

63 556 164 629 iacta,
178 556 287 634 quibus
301 557 380 616 flecti
393 557 482 617 facile
496 563 527 617 et
540 557 696 619 mitescere
709 557 812 637 possis.

68 787 125 837 Tae
143 788 211 848 story
226 787 255 849 cs
268 787 340 848 Ipbc‘a
358 787 411 836 aad
427 787 576 837 Anaxarchi.
616 788 678 836 rtis
695 801 746 836 was
763 801 781 836 c
797 786 865 836 coila
881 785 951 834 dama

309 852 363 900 ctat
372 852 471 902 acomcd
481 868 499 901 c
509 853 615 901 lowtcra
625 854 712 902 scitor.

125 1000 256 1059 Viderat
270 1020 288 1057 a
301 1001 413 1059 veteris
427 1020 601 1078 generosam
615 1002 761 1078 sanguine
773 1000 879 1059 Teucri

65 1102 160 1180 Iphis
172 1102 377 1174 Anaxareten,
391 1101 499 1158 humili
513 1101 549 1159 de
564 1101 657 1178 stirpe
669 1104 806 1173 creatus3

65 1199 191 1258 viderat
204 1203 236 1257 et
249 1197 325 1256 totis
339 1204 510 1276 perceperat
524 1198 641 1256 ossibus
658 1203 784 1256 aestum.
979 1225 1017 1265 ,ω

66 1299 265 1374 luctatusque
279 1295 341 1368 diu,
355 1300 513 1373 postquam
526 1295 644 1353 ratione
657 1294 790 1353 furorem

66 1395 191 1453 vincere
205 1413 266 1452 non
280 1392 390 1471 potuit,
405 1391 533 1470 supplex
546 1392 585 1449 ad
599 1390 705 1450 limina
719 1390 822 1449 venit:

67 1497 102 1550 et
116 1492 205 1549 modo
218 1489 331 1548 nutrici
344 1488 487 1548 miserum
499 1487 652 1548 confessus
665 1507 804 1559 amorem,

66 1609 108 1648 ne
123 1588 184 1646 sibi
197 1588 274 1646 dura
286 1587 375 1659 foret,
390 1605 443 1665 per
457 1605 523 1664 spes
537 1586 636 1645 oravit
654 1586 800 1658 alumnae,

67 1692 102 1745 et
115 1687 205 1744 modo
220 1685 256 1743 de
270 1684 376 1743 multis
390 1683 546 1742 blanditus
559 1682 665 1759 cuique
679 1682 827 1741 ministris
980 1712 1015 1751 ⁷0⁵

68 1783 204 1843 sollicita
217 1782 307 1859 petiit
320 1800 500 1860 propensum
514 1801 586 1840 voce
600 1780 751 1854 favorem3

68 1900 159 1958 saepe
172 1880 297 1939 ferenda
310 1879 395 1937 dedit
409 1879 528 1937 blandis
543 1899 597 1937 sua
610 1879 704 1937 verba
718 1878 849 1950 tabellis,
880 1911 882 1915 ·

68 1979 226 2037 interdum
240 1977 376 2035 madidas
390 1976 579 2034 lacrimarum
592 1996 659 2035 rore
673 1996 795 2035 coronas

69 2075 211 2154 postibus
223 2074 358 2133 intendit
371 2075 531 2153 posuitque
545 2074 578 2131 in
591 2074 696 2133 limine
710 2075 784 2132 duro

69 2173 164 2232 molle
176 2171 258 2230 latus
272 2171 429 2250 tristisque
443 2190 526 2231 serae
539 2172 675 2231 convicia
688 2172 769 2231 fecit.
981 2203 1018 2242 ,ιο

69 2269 191 2330 saevior
202 2268 257 2326 illa
268 2267 349 2326 freto
364 2273 505 2346 surgente
524 2268 703 2327 cadentibus
717 2269 842 2341 Haedis,

69 2366 178 2427 durior
191 2370 222 2425 et
235 2366 325 2438 ferro,
340 2366 418 2444 quod
433 2365 562 2425 Noricus
577 2365 717 2444 excoquit
734 2366 822 2444 ignis,

69 2472 105 2525 et
119 2484 202 2539 saxo,
215 2464 295 2541 quod
308 2464 407 2522 adhuc
420 2463 524 2521 vivum
538 2463 639 2522 radice
651 2469 784 2536 tenetur,

69 2562 191 2642 spernit
203 2568 236 2622 et
248 2561 380 2634 inridet3
401 2559 549 2638 factisque
565 2560 725 2620 inmitibus
738 2560 824 2619 addit

70 2660 168 2719 verba
181 2660 309 2738 superba
321 2659 407 2719 ferox
421 2664 453 2716 et
466 2676 518 2737 spe
531 2676 647 2737 quoque
660 2657 782 2717 fraudat
796 2663 955 2718 amantem.
982 2690 1017 2730 μ,

104 2883 138 2934 In
148 2884 249 2946 despair
259 2882 289 2931 la
299 2882 406 2932 rccclccd
417 2886 441 2931 to
451 2882 498 2941 cio,
514 2881 566 2930 aad
577 2882 674 2943 tanqua
684 2881 790 2945 binucls
797 2885 824 2931 ct
834 2882 879 2931 ber
889 2884 949 2943 pala.

71 3050 133 3089 non
148 3029 224 3087 tulit
238 3029 390 3106 inpatiens
404 3027 487 3104 longi
501 3034 653 3086 tormenta
667 3028 778 3086 doloris

71 3125 160 3204 Iphis
174 3131 206 3182 et
219 3131 292 3183 ante
305 3123 385 3183 fores
399 3124 470 3182 haec
484 3124 578 3183 verba
591 3124 754 3182 novissima
768 3124 864 3182 dixit:

238 3281 310 3331 soc-7
326 3281 409 3328 orauit
420 3280 456 3328 M.
565 3280 611 3329 210
630 3277 746 3342 tristique
759 3279 792 3326 a
