2330 3846
211 311 248 366 60
351 308 489 366 OVIDII
516 305 917 364 METAMORPHOSEON

209 440 287 498 velle
300 445 384 516 puta,
398 439 512 497 laciatl
534 457 605 496 nam
619 438 690 495 dum
703 436 804 513 peiora
816 437 973 508 timentur,

210 541 256 593 est
271 536 352 593 locus
365 535 398 592 in
412 534 542 592 vulnus:
564 553 627 591 sors
640 538 742 590 autem
755 532 808 590 ubi
821 532 948 609 pessima
961 551 1065 596 rerum.
1143 538 1144 605 ξ

157 663 193 701 ⁴90
207 632 262 688 sub
276 630 402 708 pedibus
415 630 507 687 timor
520 634 574 698 est,
590 647 749 703 securaque
764 648 878 686 summa
891 628 1044 686 malorum
1143 614 1144 667 ¹

209 729 313 788 audiat
327 728 399 804 ipsa,
414 728 494 799 licet,
510 733 549 796 et,
564 726 642 802 quod
656 725 739 796 facit,
755 725 852 783 oderit
867 744 968 783 omnes

211 826 266 883 sub
280 824 425 882 Diomede
439 824 529 893 vince,
544 822 645 880 odium
658 827 761 880 tamen
775 820 858 880 illius
871 841 974 880 omnes
1143 834 1144 891 l

211 921 386 998 spernimus,
401 927 433 979 et
446 939 555 996 magno
569 924 632 976 stat
646 937 756 996 magna
769 920 905 996 potentia
919 919 1031 978 nobis.''
1143 894 1144 953 ¹

210 1017 324 1075 talibus
329 1016 464 1074 'inritans
477 1017 627 1073 Venerem
640 1014 819 1073 Pleuronius
832 1016 950 1073 Acmon

159 1144 193 1184 49⁵
208 1112 380 1172 instimulat
393 1112 502 1181 verbis,
517 1117 707 1186 veteremque
720 1110 881 1168 resuscitat
894 1111 979 1171 iram.

211 1211 292 1268 dicta
305 1210 424 1286 placent
437 1208 558 1285 paucis:
579 1207 697 1265 numeri
709 1207 831 1265 maioris
845 1207 933 1265 amici

210 1308 346 1365 Acmona
358 1307 542 1383 corripimus.
585 1306 634 1362 cui
647 1304 825 1380 respondere
838 1303 955 1362 volenti

212 1423 271 1461 vox
284 1404 399 1480 pariter
412 1403 551 1479 vocisque
564 1403 615 1458 via
629 1405 675 1458 est
689 1405 833 1473 tenuata3
854 1419 1011 1476 comaeque

212 1499 245 1557 in
258 1499 375 1576 plumas
388 1500 509 1569 abeunt,
524 1498 634 1573 plumis
648 1516 726 1554 nova
739 1496 816 1554 colla
829 1503 976 1574 teguntur

160 1628 197 1666 500
210 1603 387 1675 pectoraque
401 1602 432 1655 et
446 1602 572 1672 tergum,
588 1596 713 1652 maiores
727 1593 868 1652 bracchia
882 1614 995 1672 pennas

214 1695 372 1770 accipiunt,
386 1694 539 1769 cubitique
553 1692 633 1750 leves
648 1690 807 1748 sinuantur
822 1691 854 1748 in
868 1692 951 1763 alas3

213 1811 321 1868 magna
335 1791 443 1868 pedum
458 1790 568 1866 digitos
583 1808 652 1865 pars
666 1794 798 1866 occupat,
813 1808 923 1865 oraque
937 1808 1028 1847 cornu

214 1890 357 1948 indurata
371 1889 471 1965 rigent
485 1889 630 1964 finemque
644 1888 676 1943 in
690 1888 825 1945 acumine
838 1893 961 1963 ponunt.

214 1987 293 2044 hunc
306 1987 413 2063 Lycus,
429 1985 508 2042 hrmc
522 1985 593 2043 Idas
607 1990 638 2041 et
652 2003 720 2041 cum
733 1984 910 2042 Rhexenore
924 1985 1065 2061 Nycteus,
1142 2040 1143 2047 5

163 2113 198 2151 505
211 2083 291 2140 huno
304 2082 432 2139 miratur
445 2083 547 2153 Abas;
568 2087 599 2138 et
614 2082 684 2138 dum
698 2081 855 2152 mirantur,
871 2082 995 2139 eandem
1142 2060 1143 2069 ἵ

214 2181 364 2257 accipiunt
376 2180 490 2241 faciem.
533 2198 733 2254 numerusque
747 2197 784 2238 ex
798 2179 917 2255 agmine
930 2179 1024 2236 maior

216 2277 355 2335 subvolat
369 2282 400 2334 et
414 2296 510 2335 remos
523 2275 636 2352 plausis
650 2274 844 2332 circumvolat
858 2274 923 2332 alis.

217 2374 242 2432 si
256 2374 411 2432 volucrum
424 2392 500 2449 quae
514 2374 555 2429 sit
569 2372 738 2429 subitarum
752 2370 849 2429 forma
862 2372 997 2448 requiris,

217 2476 252 2528 ut
266 2490 327 2528 non
340 2489 511 2547 cygnorum,
527 2469 569 2526 sio
582 2469 659 2526 albis
673 2469 808 2544 proxima
822 2469 934 2545 cygnis.

161 2593 198 2629 510
214 2569 266 2625 vix
280 2566 416 2643 equidem
431 2566 485 2623 has
499 2566 583 2626 sedes
597 2569 628 2622 et
642 2564 766 2641 Iapygis
779 2564 863 2622 arida
876 2563 977 2621 Dauni

217 2684 290 2722 arva
304 2683 394 2741 gener
407 2669 495 2721 teneo
508 2662 632 2720 minima
645 2681 713 2718 cum
726 2667 812 2737 parte
826 2660 976 2718 meorum!

232 2834 279 2884 wo
293 2838 359 2897 story
369 2834 398 2896 of
409 2850 426 2883 o
440 2834 558 2896 staphord
572 2833 601 2895 of
614 2834 720 2895 Apulia,
737 2832 791 2880 wlco
797 2831 843 2893 for
852 2831 893 2881 tu
907 2831 956 2880 coil
966 2829 1045 2893 opust
1055 2841 1099 2876 was

506 2899 614 2960 chuoqod
624 2902 647 2948 to
658 2913 675 2946 o
685 2898 748 2946 wilci
758 2897 827 2946 olive.

259 3018 415 3075 Hactenus
429 3015 564 3074 Oenides.
607 3014 745 3072 Venulus
760 3012 924 3090 Calydonia
937 3030 1029 3088 regna

220 3114 432 3191 Peucetiosque
445 3115 529 3172 sinus
543 3113 751 3190 Messapiaque
764 3130 838 3169 arva
851 3108 1004 3184 relinquit.

464 3253 510 3300 493
528 3250 744 3318 magniloquentia
755 3252 789 3304 Μ.
