2322 3848
441 291 570 349 LIBER
598 292 694 350 XIII.
834 303 836 307 ’
953 291 989 349 13

16 480 46 510 ,
64 492 77 509 .
92 429 245 488 Oceanum
259 431 291 485 et
304 432 403 486 terras
415 443 540 501 cumque
557 423 620 482 alto
634 424 732 481 sidera
745 422 825 481 caelo

93 526 292 600 Pleiadasque
303 522 487 600 Hyadesque
497 523 707 598 inmunemque
716 520 852 597 aequoris
863 521 980 578 Arcton

93 623 287 698 diversasque
301 619 391 677 urbes
404 619 594 694 nitidumque
608 617 727 676 Orionis
741 636 849 676 ensem

94 718 252 800 [postulat
268 723 304 775 ut
317 717 425 793 capiat,
439 735 515 792 quae
529 734 590 772 non
603 713 764 791 intellegit,
778 710 884 793 arma]
1007 742 1042 783 ²9⁵

103 901 145 950 Hc
155 899 234 949 shows
245 898 298 946 aaa
309 897 420 946 Achilles
431 899 468 946 too
478 896 548 958 tacu
559 896 619 945 buck
627 896 699 958 from
704 895 807 957 joiaioq
817 896 846 944 iu
856 895 896 944 the
906 909 966 944 war.

92 1024 167 1102 quid
181 1015 264 1101 quod*
275 1041 323 1079 me
338 1021 406 1080 duri
419 1019 585 1099 fugientem
599 1040 722 1078 munera
736 1019 808 1077 belli

92 1121 198 1198 arguit
212 1119 331 1197 incepto
346 1138 443 1176 serum
457 1117 613 1175 accessisse
628 1116 733 1187 labori,
826 1129 828 1133 ’

92 1238 149 1276 nec
164 1236 196 1276 se
209 1215 400 1293 magnanimo
414 1214 590 1273 maledicere
604 1215 699 1272 sentit
712 1213 846 1271 Achillif

93 1316 120 1374 si
135 1313 293 1372 simulasse
306 1330 394 1371 vocas
408 1312 529 1383 crimen,
548 1311 753 1369 simulavimus
766 1308 861 1369 ambo.
928 1328 932 1333 ’
959 1309 961 1314 ’
976 1328 978 1331 ·

93 1412 120 1470 si
134 1430 221 1469 mora
234 1430 287 1487 pro
301 1409 388 1486 culpa
402 1413 456 1481 est,
472 1428 527 1485 ego
541 1428 607 1465 sum
620 1404 766 1465 maturior
784 1408 843 1466 illo.
1008 1441 1045 1478 ³00

93 1528 143 1567 me
157 1506 208 1585 pia
222 1501 355 1564 detinuit
368 1504 508 1576 coniunx,
523 1506 572 1583 pia
585 1510 682 1562 mater
695 1505 846 1562 Achillem
858 1526 866 1578 3
940 1519 944 1524 ’
993 1504 995 1521 ”
1028 1521 1030 1529 ’

94 1604 252 1682 primaque
266 1591 338 1660 sunt
352 1601 414 1660 illis
429 1601 501 1659 data
515 1607 657 1679 tempora,
672 1607 771 1659 cetera
789 1601 882 1661 vobis,

94 1700 177 1758 haud
191 1699 294 1770 timeo,
309 1698 334 1756 si
348 1697 407 1755 iam
421 1709 535 1775 nequeo
550 1697 717 1767 defendere,
733 1699 845 1758 crimen
897 1700 899 1705 ’
967 1706 969 1717 ³

94 1816 165 1856 cum
178 1801 267 1854 tanto
280 1814 435 1854 commune
448 1796 522 1854 viro.
545 1871 548 1878 Ι
565 1794 728 1873 deprensus
742 1796 844 1855 Ulixis
944 1796 948 1801 ’
970 1796 972 1802 ’

95 1893 219 1971 ingenio
233 1893 335 1950 tamen
348 1891 421 1950 ille:
441 1897 474 1950 at
488 1912 549 1949 non
563 1892 665 1951 Aiacis
680 1893 798 1952 Ulixes.
907 1907 915 1913 ⁷·
1010 1928 1044 1965 ³0⁵

96 2071 343 2135 necaequitatis
349 2071 484 2134 prouocare
492 2073 579 2122 crimes
585 2088 628 2122 cre
636 2088 667 2122 oo
675 2075 768 2134 aima,
779 2089 807 2123 or
817 2079 858 2123 aot
867 2074 909 2124 fus
917 2089 976 2124 own.

96 2200 174 2239 neve
188 2163 220 2237 in
235 2198 281 2236 me
296 2177 423 2236 stolidae
438 2178 572 2237 convicia
584 2179 712 2239 fundere
725 2180 846 2257 linguae

96 2277 282 2337 admiremur
295 2294 371 2347 eum,
387 2274 473 2334 vobis
487 2296 603 2353 quoque
619 2277 711 2353 digna
725 2278 837 2354 pudore

98 2374 199 2433 obicit.
242 2392 282 2430 an
295 2372 373 2431 falso
387 2371 569 2431 Palameden
580 2373 703 2432 crimine
718 2380 806 2451 turpe

98 2490 252 2530 accusasse
262 2469 348 2541 mihi,
363 2470 451 2528 vobis
466 2470 621 2528 damnasse
636 2472 773 2529 decorum
784 2473 849 2529 estl

98 2569 156 2629 sed*
166 2585 262 2643 neque
276 2564 462 2643 Naupliades
475 2565 592 2623 facinus
607 2566 766 2624 defendere
780 2572 900 2624 tantum
1010 2599 1047 2637 310

99 2671 222 2741 tamque
235 2669 342 2739 patens
354 2662 462 2733 valuit,
477 2664 531 2720 nec
545 2682 598 2721 vos
612 2661 742 2720 audistis
756 2665 788 2720 in
802 2664 855 2721 illo

97 2759 244 2821 crimina:
261 2758 396 2831 -vidistis,
411 2764 587 2836 praestoque
601 2759 717 2821 obiecta
730 2761 885 2837 patebant.
929 2831 932 2838 ι

99 2875 156 2915 nec
168 2838 374 2914 Poeantiaden
388 2856 466 2933 quod
481 2856 573 2914 habet
587 2843 737 2914 Vulcania
749 2858 885 2929 Lemnos,
956 2844 959 2849 ⁴

99 2971 247 3012 assereus
261 2951 364 3011 merui.
406 2952 520 3010 factum
535 2953 688 3010 defendite
701 2960 856 3028 vestrum
880 3000 893 3025 Α,

100 3046 295 3127 consensistis
309 3047 397 3106 enim.
439 3066 494 3105 nec
507 3067 553 3106 me
569 3050 697 3128 suasisse
710 3052 836 3127 negabo,
994 3085 1045 3130 ,με

100 3185 148 3235 294
166 3182 326 3247 diversosque
337 3180 410 3247 orbes
419 3181 449 3230 a.
486 3182 535 3232 295
550 3182 684 3233 amramis
692 3183 729 3233 n.
764 3187 952 3255 303nequearu
961 3191 989 3239 a.

247 3249 295 3299 308
306 3249 380 3312 turpe
391 3248 430 3296 est
440 3247 471 3295 Β.
492 3302 494 3307 ⁸
534 3306 536 3309 ¹
560 3249 805 3329 ,¹,309eetomttit
817 3252 846 3302 It.
