2322 3848
437 309 565 367 LIBER
595 308 689 368 XIII.
942 310 978 367 21

94 443 191 513 ‘nata
200 438 384 517 tuae-quid
393 440 472 497 enim
481 440 755 517 superestt-dolor
763 432 869 500 ultime
881 441 980 511 matri,

92 543 174 608 nata,
189 539 288 610 iaces3
309 538 453 613 videoque
466 542 562 609 tuum,
577 557 642 595 mea
654 538 787 610 vulnera,
803 540 922 597 vulnus.
998 568 1034 608 495

92 642 133 707 et,
148 654 186 693 ne
200 635 381 713 perdiderim
395 654 573 712 quemquam
586 636 650 693 sine
664 636 752 694 caede
764 655 905 708 meorum,

92 739 128 789 tn
141 750 258 809 quoque
271 731 383 789 vulnus
396 731 495 790 habes.
519 738 552 789 at
565 738 605 803 te,
620 732 691 809 quia
703 732 822 801 femina,
838 734 924 792 rebar

92 849 111 888 a
123 829 205 888 ferro
218 834 339 887 tutam:
360 828 493 886 cecidisti
508 835 539 887 st
552 829 665 887 femine
678 829 766 900 ferro,

92 933 199 1005 totque
212 932 281 984 tuos
295 926 374 984 idem
387 925 506 998 fratres,
520 931 552 984 te
564 926 696 1004 perdidit
709 928 796 998 idem,

93 1025 221 1084 exitium
234 1024 340 1084 Troiae
353 1024 509 1100 nostrique
529 1026 659 1096 orbator,
673 1025 816 1083 Achilles.
999 1057 1037 1093 500

93 1206 160 1254 Em
174 1206 206 1254 in
218 1204 292 1253 decit
302 1204 414 1252 Achilles
424 1205 448 1252 is
459 1203 523 1253 their
533 1204 663 1264 destreyer.
693 1202 741 1252 dhe
750 1202 821 1252 alone
832 1204 855 1254 is
865 1203 973 1252 remed

187 1269 312 1331 formet
323 1269 375 1327 ille,
388 1270 418 1317 in
429 1268 479 1317 etia
491 1269 536 1317 less
546 1268 630 1330 happy
640 1268 701 1317 thera
711 1267 775 1316 dead
785 1268 881 1317 Potum.

93 1407 126 1459 at
138 1405 297 1479 postquam
311 1399 418 1458 cecidit
432 1400 551 1458 Paridis
565 1401 736 1477 Phoebique
750 1402 878 1478 sagittis,

94 1519 174 1557 nunc
187 1503 276 1569 certe,
292 1497 364 1569 dixi,
380 1503 500 1556 nonest
514 1499 692 1556 metuendus
706 1498 849 1557 Achilles.

93 1615 173 1655 nunc
187 1614 303 1672 quoque
316 1595 359 1652 mi
374 1595 552 1653 metuendus
565 1600 648 1653 erat:
670 1595 745 1653 cinis
759 1595 822 1673 ipse
836 1594 945 1673 sepulti

94 1695 126 1751 in
139 1711 234 1769 genus
249 1693 303 1775 hoc
317 1692 422 1763 saevit,
437 1692 554 1749 tumulo
570 1711 686 1768 quoque
698 1692 845 1750 sensimus
858 1692 980 1751 hostem.

94 1790 243 1848 Aeacidae
257 1788 384 1846 fecunda
397 1788 452 1848 fui.
475 1791 552 1847 iacet
565 1789 646 1846 Ilion
659 1790 774 1868 ingens,
1000 1820 1036 1856 505

94 1893 265 1963 eventuque
278 1887 363 1964 gravi
377 1887 464 1944 finita
478 1891 524 1945 ost
538 1887 656 1964 publica
676 1888 783 1958 clades,

95 1986 145 2042 sed
160 1986 248 2054 finita
262 1990 380 2041 tamen:
402 1985 459 2042 soli
473 1984 547 2042 mihi
561 1985 705 2061 Pergama
725 1991 850 2054 restant,

94 2084 129 2143 in
141 2101 291 2158 cursuque
304 2101 386 2140 meus
401 2083 486 2141 dolor
499 2088 553 2141 est.
571 2082 662 2140 modo
675 2083 805 2139 maxima
822 2101 930 2152 rerum,

94 2184 141 2237 tot
155 2178 275 2256 generis
289 2180 427 2256 natisque
440 2186 547 2256 potens
561 2181 744 2256 nuribusque
764 2181 895 2256 viroque,

93 2295 173 2335 nunc
189 2275 294 2334 trahor
307 2276 384 2348 exul,
400 2275 494 2354 inops,
509 2277 635 2335 tumulis
648 2277 753 2335 avulsa
766 2296 905 2347 meorum,
1001 2308 1037 2343 φο

94 2373 261 2451 Penelopae
274 2393 392 2431 munus.
414 2394 490 2451 quae
503 2393 550 2432 me
564 2376 635 2433 data
650 2394 742 2452 pensa
754 2375 924 2432 trahentem

93 2470 242 2530 matribus
256 2472 417 2529 ostendens
431 2472 545 2529 Ithacis
560 2472 649 2529 ‘haec
662 2471 803 2529 Hectoris
817 2471 870 2528 illa
884 2478 930 2529 est

93 2570 175 2628 clara
189 2588 306 2646 parens,
321 2568 393 2626 haec
407 2574 453 2626 est
465 2569 472 2594 '
486 2569 565 2627 dicet
582 2569 748 2627 ‘Priameia
761 2567 908 2633 coniunn’

94 2673 221 2744 postque
235 2670 283 2723 tot
296 2667 420 2723 amissos
433 2672 468 2723 tu
483 2686 570 2737 nunc,
585 2686 661 2742 quae
675 2666 737 2723 sola
750 2666 871 2723 levabas

94 2770 248 2823 maternos
262 2763 370 2834 luctus,
384 2763 508 2822 hostilia
521 2764 610 2822 busta
623 2763 722 2841 piasti.
1000 2794 1035 2830 ⁵1⁵

94 2860 220 2920 inferias
234 2860 315 2917 hosti
328 2861 438 2936 peperi.
458 2880 517 2936 quo
531 2861 629 2918 ferrea
642 2861 744 2918 restet

94 2957 206 3036 quidve
220 2960 336 3015 morort
356 2977 414 3034 quo
428 2977 475 3015 me
489 2977 599 3028 servas,
614 2977 726 3015 annosa
747 2959 903 3015 senectus?

95 3076 163 3133 quo,
179 3055 210 3112 di
224 3056 365 3128 crudeles,
381 3054 440 3113 nisi
453 3075 511 3132 quo
525 3075 603 3114 nova
615 3056 723 3113 funera
736 3073 862 3125 cernam,

96 3153 231 3211 vivacem
246 3150 373 3209 differtis
387 3154 496 3210 anumi
517 3152 584 3229 quis
598 3172 682 3230 posse
703 3156 825 3230 putaret

122 3288 169 3337 494
186 3284 276 3337 matris
288 3285 317 3335 R.
425 3285 471 3334 496
488 3299 519 3333 en
530 3283 600 3335 Mn.
706 3285 751 3334 511
771 3283 906 3352 Penelopes
918 3286 946 3338 Ii.
