2330 3846
428 319 555 376 LIBER
586 319 669 376 XIV.
930 315 968 374 59

78 453 160 512 velle
173 451 220 510 sui
232 450 365 528 populos,
380 455 434 507 cut
447 468 521 527 quos
535 468 552 508 e
564 454 655 525 gente
668 466 789 507 suorum

77 554 187 618 armet,
202 547 312 606 habere
325 547 416 604 viros.
434 552 528 603 ‘neve
542 545 614 604 haec
627 548 795 603 commenta
808 540 931 619 putetis,

77 646 239 704 admonitu
252 661 432 721 quamquam
445 647 609 700 renovetur
622 641 723 699 luctus
737 657 857 717 emarus
990 657 1028 705 4⁶5

78 742 234 820 perpetiar
245 759 409 800 memorare
419 744 528 797 tamon.
551 744 708 815 postquam
716 737 780 794 sltc
788 739 919 793 cremata
929 739 975 792 est

79 840 168 908 flios,
182 842 213 896 et
226 839 348 896 Danaos
362 841 511 915 paverunt
525 836 672 912 Pergama
685 835 784 903 Diras,

79 935 290 1012 Naryciusque
303 935 399 1003 heros,
413 954 432 990 a
444 932 562 1010 virgine
576 932 694 1009 virgine
707 936 802 1008 rapta,

79 1049 173 1108 quam
185 1030 296 1088 meruit
309 1049 434 1107 poenum
454 1029 544 1097 solus,
559 1028 684 1105 digessit
698 1029 730 1084 in
744 1044 854 1094 omnes,

80 1128 252 1205 spargimur
264 1133 297 1185 et
310 1127 410 1185 ventis
424 1126 545 1184 inimica
558 1145 611 1204 per
625 1144 753 1201 aequora
765 1123 845 1200 rapti
992 1154 1028 1191 47⁰

79 1225 221 1293 fulmine,
236 1230 363 1293 noctem,
378 1224 496 1291 imbres,
510 1223 587 1280 irem
601 1222 732 1297 caelique
746 1221 897 1296 marisque

80 1321 268 1399 perpetimur
280 1321 379 1378 Danai
392 1320 601 1396 cumulumque
616 1319 770 1396 Capherea
783 1317 887 1376 cladis.

81 1438 162 1478 neve
174 1437 273 1476 morer
285 1418 419 1476 referens
433 1419 538 1476 tristes
552 1437 589 1475 ex
604 1417 708 1474 ordine
721 1434 816 1483 casus,

81 1516 209 1574 Graecia
222 1520 289 1572 tum
301 1516 401 1592 potuit
415 1513 535 1572 Priamo
548 1532 664 1590 quoque
678 1513 776 1570 flenda
788 1511 892 1570 videri.

81 1631 130 1671 me
143 1617 248 1670 temen
261 1611 417 1669 armiferae
431 1617 584 1669 servatum
597 1630 669 1668 cura
683 1610 840 1667 Minervae

81 1709 226 1767 fiuctibus
239 1708 360 1785 cripuit.
403 1709 510 1786 patriis
525 1709 575 1766 sed
589 1727 695 1765 rursus
708 1707 747 1764 ab
757 1706 838 1783 agris

81 1807 189 1885 pellor,
204 1812 235 1864 et
248 1807 373 1881 antiquo
387 1825 531 1891 memores
545 1806 582 1863 de
596 1805 721 1863 vulnere
735 1823 844 1881 poenes

82 1902 182 1980 exigit
195 1902 273 1960 alma
286 1903 401 1973 Venus,
415 1908 577 1979 tantosque
590 1901 720 1980 peralta
733 1901 850 1959 labores

82 2017 215 2077 aequora
226 1999 365 2069 sustinui,
379 2004 483 2057 tentos
496 1999 691 2057 terrestribus
704 1999 804 2068 armis,

82 2103 120 2155 ut
134 2095 211 2154 mihi
224 2095 325 2154 felices
339 2096 402 2153 sint
416 2096 463 2154 illi
477 2116 562 2173 saepe
576 2097 684 2165 vocati,
995 2114 1031 2162 48⁰
1085 2090 1090 2105 ‘

82 2212 161 2271 quos
175 2193 338 2251 communis
351 2193 447 2252 hicme
459 2193 706 2271 importunusque
721 2193 891 2270 Caphereus

81 2289 192 2348 mersit
205 2288 297 2365 aquis,
313 2289 477 2366 vellemque
491 2289 598 2346 horum
611 2308 680 2366 pers
693 2308 755 2346 une
767 2288 898 2347 fuissem.

83 2517 152 2566 Alco
162 2515 203 2564 stc
213 2515 320 2578 cbaoch
331 2519 354 2564 to
364 2515 403 2564 tte
415 2516 518 2565 libemus
528 2516 557 2577 <ff
563 2531 645 2566 swam
655 2531 719 2565 sorec
727 2517 756 2577 os
762 2516 803 2565 tis
813 2517 968 2578 compastoris

329 2580 383 2628 ttae
393 2581 466 2629 mode
478 2580 541 2642 licet
550 2581 580 2642 of
586 2581 631 2630 ter
640 2595 724 2644 amer.

84 2720 198 2780 ultime
211 2720 270 2777 iam
284 2721 364 2797 pessi
377 2721 499 2779 comites
514 2718 651 2798 belloque
664 2720 800 2797 fretoque

83 2819 232 2877 deficiunt
245 2817 391 2894 finemque
405 2823 514 2895 rogant
527 2818 645 2877 erroris.
687 2824 720 2878 at
729 2819 847 2877 Acmon

83 2914 224 2975 fervidus
238 2914 366 2991 ingenio,
381 2920 448 2972 tum
462 2934 532 2973 vero
546 2920 578 2973 et
591 2915 726 2976 cladibus
740 2935 835 2992 asper,
996 2935 1032 2984 ⁴⁸⁵

85 3011 192 3090 “quid
206 3018 350 3087 superest,
364 3013 444 3089 quod
458 3013 517 3070 iam
530 3012 679 3090 patientie
688 3019 791 3072 vestre
804 3016 920 3070 recinet

85 3111 178 3179 ferre,
193 3109 252 3167 viri
262 3109 293 3167 θ’
308 3109 387 3169 dixit
403 3110 492 3187 ‘quid
506 3110 597 3169 habet
611 3110 768 3188 Cytherea,
782 3110 861 3188 quod
875 3110 965 3180 ultra,

188 3235 234 3313 465
252 3262 336 3314 luctus
347 3269 498 3314 renoventur
509 3265 586 3315 amari
597 3266 633 3315 M.
733 3265 779 3316 467
798 3263 863 3313 Ilion
874 3264 910 3314 M.
