2330 3846
441 319 569 375 LIBER
601 318 678 376 XIV.
947 317 981 375 61

83 456 121 511 in
135 452 247 529 quibus
260 455 348 506 antra
362 449 455 519 videt,
471 467 546 524 quae
559 447 657 504 multa
671 448 776 505 nubila
790 447 867 505 silva

82 557 119 610 et
134 549 254 608 levibus
267 545 371 604 cannis
385 545 543 603 latitantia
558 544 719 620 semicaper
733 545 799 601 Pan
1001 572 1038 612 ru

83 664 172 705 nunc
185 648 287 701 tenet:
308 648 342 699 at
355 641 484 718 quodam
504 646 668 698 tenuerunt
682 646 815 717 tempore
829 641 984 717 nymphae.

84 740 213 819 Apulus
226 740 280 796 has
293 738 348 795 illa
361 743 465 813 pastor
478 736 599 814 regione
613 736 736 813 fugatas

84 838 203 897 terruit
218 842 249 893 et
262 837 357 912 primo
372 835 474 891 subita
488 833 648 891 formidine
662 834 777 892 movit:

85 955 169 1005 mox,
185 934 239 992 ubi
251 953 335 990 mens
347 932 439 990 rediit
453 937 484 989 et
497 937 700 1006 contempsere
715 935 896 1007 sequentem,

86 1034 129 1092 ad
142 1050 303 1090 numerum
316 1030 407 1087 motis
421 1029 546 1106 pedibus
560 1029 672 1086 duxere
685 1028 814 1087 choreas.
1005 1059 1042 1097 520

86 1129 242 1206 improbat
256 1128 311 1184 has
324 1132 427 1202 pastor
441 1126 578 1202 saltuque
593 1126 731 1183 imitatus
746 1127 859 1203 agresti

87 1224 211 1285 addidit
226 1224 360 1281 obscenis
375 1223 508 1279 convicia
522 1222 636 1279 rustica
650 1222 757 1280 dictis:

87 1343 146 1381 nec
160 1321 246 1398 prius
260 1338 293 1376 os
306 1320 412 1388 tacuit,
427 1338 517 1394 quarn
531 1324 657 1394 guttura
668 1319 803 1377 condidit
816 1320 913 1377 arbor.

87 1421 183 1479 arbor
196 1418 278 1475 enim
291 1422 346 1484 est,
362 1435 490 1493 sucoque
503 1417 574 1474 licet
588 1435 763 1493 cognoscere
776 1436 881 1477 mores,

87 1516 203 1594 quippe
217 1519 320 1570 notam
333 1512 453 1589 linguae
466 1512 548 1570 foliis
562 1512 690 1570 oleaster
703 1514 813 1572 amaris
1007 1545 1043 1584 525

89 1611 235 1672 exhibet:
256 1611 403 1687 asperitas
417 1610 577 1667 verborum
591 1611 680 1667 cessit
694 1610 727 1667 in
740 1610 802 1668 illa.

94 1823 203 1873 Tiamaa
208 1822 271 1884 flres
281 1819 320 1868 tlte
332 1818 426 1881 Trajan
436 1819 511 1881 ships,
525 1820 606 1869 555555
617 1821 648 1882 by
658 1821 698 1869 tbc
708 1826 776 1885 preat
785 1823 884 1885 poddcsc
897 1824 979 1885 Cybele

242 1884 296 1933 thot
307 1884 374 1933 loccd
385 1884 449 1933 them
460 1899 503 1933 arc
515 1885 622 1947 chcaped
634 1890 657 1934 to
667 1887 832 1949 cea-aympln.

135 2018 220 2076 Hinc
234 2017 287 2075 ubi
299 2016 393 2093 legati
407 2017 530 2086 rediere,
543 2023 654 2094 negata
669 2019 801 2078 ferentes

92 2137 181 2176 arma
193 2116 304 2173 Aetola
318 2116 384 2187 sibi,
399 2114 509 2172 Rutuli
525 2117 590 2173 sine
603 2116 720 2175 viribus
735 2118 797 2177 illis

92 2215 177 2274 bella
190 2213 339 2269 instructa
352 2218 470 2289 gerunt.
506 2212 694 2290 multumque
704 2214 742 2271 ab
753 2220 880 2292 utraque
893 2219 1005 2276 cruoris

92 2316 185 2391 parte
199 2310 298 2367 datur.
340 2309 402 2367 fert
416 2328 481 2367 ecce
495 2310 600 2367 avidas
615 2311 647 2367 in
660 2311 749 2387 pinea
762 2312 882 2371 Turnus
1009 2345 1045 2384 530

92 2416 185 2470 texta
198 2409 287 2478 faces,
302 2409 445 2485 ignesque
458 2407 577 2477 timent,
592 2409 702 2484 quibus
715 2411 796 2468 unda
809 2413 950 2488 pepercit.

91 2510 215 2582 imque
229 2507 324 2583 picem
337 2509 369 2562 et
382 2523 465 2561 ceras
479 2504 680 2581 alimentaque
693 2511 791 2564 cetera
809 2508 944 2567 flammae

92 2603 249 2665 Mulciber
261 2603 377 2672 urebat,
393 2621 502 2677 perque
517 2601 614 2659 altum
628 2602 667 2659 ad
680 2604 804 2661 carbasa
817 2605 928 2662 malum

91 2704 173 2774 ibat,
188 2704 219 2759 et
234 2700 375 2757 incurvae
389 2698 549 2755 fumabant
562 2703 698 2756 transtra
711 2700 845 2759 carinae:

2 2846 3 2865 2
91 2818 167 2858 cum
179 2816 292 2855 memor
305 2796 359 2853 has
373 2795 462 2872 pinus
476 2795 567 2852 Idaeo
581 2795 695 2854 vertice
708 2816 809 2855 caesas
1009 2831 1044 2869 535

91 2900 203 2958 sancta
217 2895 305 2952 deum
318 2893 457 2969 genetrix
470 2892 635 2950 tinnitibus
649 2897 718 2950 aera
732 2893 812 2971 pulsi

2 3010 3 3035 1
90 2994 177 3054 aeris
190 2996 222 3050 et
236 2990 334 3048 inflati
347 2989 507 3066 complevit
521 3008 672 3047 murmure
687 2990 769 3058 buxi,

219 3184 266 3230 515
284 3182 370 3230 cannis
381 3181 500 3229 nutantia
512 3181 545 3233 M.
663 3181 710 3229 524
727 3194 786 3229 suco
794 3179 870 3229 liceat
881 3181 915 3230 ll.

219 3247 267 3298 525
283 3245 397 3297 bacisM.
665 3246 712 3297 526
728 3243 833 3296 illasM.
