2330 3846
423 325 551 383 mern
581 284 661 385 riu
923 329 958 386 ct

56 459 174 517 adicit.
198 456 357 533 accipimus
372 475 456 514 sacra
470 459 541 516 data
554 459 659 535 pocula
672 459 788 519 dextra.

57 574 147 633 quac
162 553 254 611 simul
267 552 367 611 arenti
382 553 522 614 sitientes
534 555 689 614 hausimus
702 576 761 628 ore,

58 658 94 711 et
110 650 224 727 tetigit
238 669 368 707 summos
382 650 468 728 virga
482 652 537 709 dea
551 653 617 710 dira
629 654 802 731 capillos,-

57 755 95 807 et
111 748 213 827 pudet
226 752 258 804 et
270 745 533 806 referam—saetis
546 750 715 808 horrescere
728 751 820 828 coepi,

58 865 122 905 nec
137 845 201 902 iam
215 862 300 920 posse
314 843 406 920 loqui,
420 863 474 921 pro
488 845 589 904 verbis
602 847 689 905 edere
702 866 824 905 raucum
978 868 1014 907 aa

58 961 219 1012 murmur,
234 946 266 999 et
279 941 312 997 in
326 946 439 998 terram
452 946 519 1000 toto
532 944 724 1019 procumbere
737 945 836 1016 vultu,

59 1059 162 1118 osque
178 1057 277 1097 meum
291 1038 371 1097 sensi
384 1039 483 1116 pando
496 1039 686 1099 occallescere
700 1047 806 1113 rostro,

59 1138 147 1198 colla
161 1142 279 1194 tumere
293 1136 377 1208 toris,
393 1142 424 1194 et
436 1156 496 1213 qua
509 1139 596 1195 modo
610 1139 716 1214 pocula
729 1145 814 1216 parte

61 1240 194 1314 sumpta
206 1233 281 1291 mihi
294 1232 426 1304 fuerant,
441 1233 495 1290 illa
509 1234 638 1311 vestigia
652 1233 717 1293 feci.

60 1350 198 1409 cumque
210 1331 314 1389 eadem
327 1330 423 1407 passis
437 1330 571 1410 (tantum
583 1331 780 1390 medicamina
794 1340 919 1410 possunt
930 1335 950 1410 l)
976 1355 1012 1394 πει

61 1430 195 1489 claudor
208 1428 290 1485 hara.
312 1427 465 1503 solumque
479 1428 541 1485 suis
555 1428 685 1486 caruisse
698 1429 793 1505 figura

63 1526 204 1584 vidimus
217 1523 438 1600 Eurylochum:
460 1525 541 1582 solus
555 1524 627 1581 data
641 1524 746 1601 pocula
759 1525 849 1602 fugit.

62 1643 146 1701 quae
159 1622 221 1680 nisi
234 1622 372 1690 vitasset,
386 1622 499 1697 pecoris
513 1641 582 1697 pars
597 1641 657 1678 una
670 1641 820 1680 manerem

63 1739 150 1779 nunc
164 1737 282 1795 quoque
296 1719 445 1795 saetigeri,
461 1737 515 1776 nec
529 1723 633 1777 tantae
646 1721 740 1779 cladis
753 1721 791 1778 ab
805 1721 858 1779 illo

63 1819 183 1877 certior
194 1816 233 1873 ad
248 1815 354 1874 Oircou
367 1815 450 1873 ultor
463 1816 597 1874 venisset
611 1817 728 1875 Ulixes.
977 1853 1013 1885 ,φ

64 2013 108 2063 Hc
119 2013 150 2075 by
161 2011 276 2075 cciftcf
287 2011 405 2073 Mcrcwry
415 2012 626 2075 ceprocfcqcc'rut
636 2012 675 2062 tte
685 2017 726 2062 art
736 2013 849 2075 chirce
862 2015 915 2063 who
926 2021 948 2064 to

63 2080 130 2140 qaia
146 2077 188 2126 hia
203 2077 253 2125 loce
269 2076 300 2138 hp
312 2077 493 2137 ccccc-apelle
508 2081 608 2126 rectores
622 2077 662 2125 hic
676 2081 830 2140 companium
846 2083 868 2129 tc
884 2080 949 2129 their

418 2155 507 2203 cruc
516 2141 597 2203 supe.

62 2267 184 2349 pacifer
196 2266 265 2323 huic
280 2263 403 2321 dederat
416 2265 517 2322 florem
532 2258 687 2341 Cyllenius
700 2265 810 2334 album,

62 2366 152 2442 moly
165 2368 275 2422 vocant
289 2361 406 2437 superi:
427 2361 515 2438 nigra
527 2362 627 2419 radice
641 2366 771 2419 tenetur.

62 2469 157 2522 tutus
172 2479 206 2520 eo
220 2459 401 2535 monitisque
416 2459 505 2516 simul
520 2459 699 2516 caelestibus
714 2460 809 2533 intrat

63 2559 122 2618 ille
136 2559 257 2616 domum
271 2556 379 2624 Circes,
395 2556 478 2613 etad
493 2556 637 2614 insidiosa
651 2561 776 2614 vocatus

63 2656 184 2737 pocula,
198 2659 356 2713 conantem
369 2654 456 2730 virga
469 2653 598 2712 mulcere
612 2653 735 2729 capillos

62 2753 203 2832 reppulit
216 2759 248 2810 et
261 2751 368 2810 stricto
381 2750 520 2826 pavidam
534 2751 682 2808 deterruit
696 2770 775 2821 ense,

63 2851 141 2911 inde
153 2850 227 2908 fides
241 2850 423 2923 dextraeque
437 2847 542 2905 datae:
563 2847 756 2924 thalamoque
770 2853 906 2925 receptus

63 2948 201 3024 coniugii
215 2946 314 3004 dotem
328 2946 474 3003 sociorum
488 2964 610 3021 corpora
622 2946 727 3021 poscit.

64 3045 238 3125 spargimur
251 3044 372 3121 ignotae
386 3042 465 3100 sucis
479 3041 652 3101 melioribus
665 3043 784 3112 herbae,

65 3142 311 3224 percutimurque
323 3145 414 3218 caput
428 3157 588 3197 conversae
600 3141 724 3200 verbere
737 3140 850 3219 virgae,
974 3174 1012 3213 μ

392 3281 440 3330 300
458 3277 599 3344 percutitur
609 3277 646 3330 M.

841 3387 860 3433 u
874 3373 891 3434 2
