2330 3846
400 282 529 342 LIBER
562 281 644 340 m
931 279 970 339 72

92 414 405 475 dielicetactadeum.
426 412 702 471 Ianclocaiuncta
714 411 863 470 tenebant
986 426 1022 473 ‚es

91 513 196 574 Naides
207 512 361 572 Ausoniae
373 509 474 590 gelido
485 509 623 568 rorantia
634 509 727 569 fonte
947 529 952 534 ·

90 612 142 671 has
154 617 237 691 regat
249 609 408 670 anxssinm
430 628 486 668 nec
497 608 650 686 nymphae
661 608 745 667 iusta
757 612 909 686 petentm

90 709 250 769 sustinuere
262 708 360 777 deam,
373 724 524 784 venasque
537 711 570 764 et
581 705 707 764 flumina
720 704 819 764 fontis

89 805 208 864 elicuere
220 804 277 865 eui.
299 803 435 862 nondum
447 808 551 861 tamen
564 802 650 861 invia
661 802 732 861 Iani

88 920 138 959 ora
150 900 282 979 patentis
295 904 393 971 mant,
407 917 503 975 neque
512 899 573 957 iter
587 899 791 977 praecluserat
804 898 893 956 unda
990 927 1028 967 790

38 1022 41 1049 ε
88 997 183 1057 lurida
196 999 371 1074 subponunt
383 995 511 1055 fecundo
524 995 671 1073 sulphura
682 996 764 1055 fonti

88 1095 306 1173 incenduntque
317 1111 409 1152 cavas
421 1092 561 1151 fumante
574 1093 723 1151 bitumine
736 1111 837 1152 venas.

87 1191 199 1251 viribus
212 1190 261 1249 his
274 1190 402 1267 aliisque
414 1207 509 1267 vapor
521 1189 695 1266 penetravit
709 1190 749 1248 ad
763 1190 824 1246 ima

86 1290 186 1360 fontis,
199 1296 232 1348 et
245 1288 360 1366 Alpino
373 1288 463 1346 mado
474 1306 552 1365 qnae
564 1293 681 1346 certare
693 1289 787 1365 rigori

86 1388 241 1447 audebatis
253 1405 357 1464 aquae,
373 1405 434 1444 non
449 1384 557 1443 caditis
571 1385 694 1462 ignibus
707 1386 789 1464 ipsis
990 1415 1026 1455 m

86 1486 259 1545 flammifera
272 1483 385 1564 gemini
398 1483 521 1541 fumant
533 1483 691 1561 aspergine
704 1492 814 1563 postes,

86 1590 236 1662 portaque,
250 1581 432 1660 nequiquam
444 1580 552 1659 rigidis
564 1580 710 1658 premissa
723 1582 853 1655 Sabinis,

85 1681 169 1739 fonte
180 1679 243 1737 iuit
255 1682 444 1756 praestructa
457 1695 545 1749 novo,
561 1676 634 1735 dum
646 1678 780 1738 Martius
791 1699 877 1738 arma

85 1778 221 1836 indueret
234 1775 327 1834 miles
350 1793 427 1851 quae
440 1779 600 1853 postquam
612 1775 761 1835 Romulus
774 1776 856 1835 ultro

85 1875 207 1947 obtulit,
221 1879 254 1932 et
267 1878 365 1931 strata
378 1877 427 1932 est
438 1872 532 1931 tellus
546 1872 686 1931 Romana
698 1873 819 1934 Sabinis
993 1894 1030 1935 eoo

84 1971 259 2052 corporibus
273 1976 372 2029 strata
384 1975 489 2047 estque
503 1970 574 2045 suis,
589 1971 750 2050 generique
762 1991 897 2032 cruorem

85 2069 233 2147 sanguine
246 2087 315 2126 cum
328 2067 422 2126 soceri
434 2068 609 2146 permiscuit
623 2068 724 2146 inpius
737 2071 827 2141 ensis,

83 2185 157 2245 pace
169 2172 272 2224 tamen
286 2164 355 2223 sisti
369 2164 483 2223 bellum
497 2184 553 2224 nec
565 2165 600 2223 in
613 2164 722 2224 ultima
734 2166 816 2227 ferro

84 2266 239 2324 decertare
251 2262 359 2339 placet,
375 2261 555 2339 Tatiumque
567 2263 705 2323 accedere
716 2283 818 2340 regno.

86 2499 970 2569 lutbefulmostimliomalaeistbeedarictqua'esatter

178 2563 884 2632 MuuaeecndetoHeavsn,echeraleebaecmceaqod.

127 2714 284 2774 Occiderat
296 2713 412 2784 Tatius,
426 2714 605 2793 populisque
617 2724 751 2794 aequata
764 2719 889 2792 duobus,
997 2742 1032 2790 ee,
1125 2772 1126 2781 ,

88 2810 227 2880 Romula,
241 2810 310 2870 iura
322 2812 435 2871 dabas:
455 2814 555 2891 posita
567 2833 636 2873 cum
648 2817 764 2876 casside
777 2818 901 2878 Mavors

88 2909 203 2969 talibus
215 2907 328 2968 affatur
340 2910 502 2989 divumque
515 2912 729 2991 hominumque
742 2921 897 2993 parentem
909 2937 916 2976 :

90 3012 225 3084 ‘tempus
236 3005 333 3079 adest,
346 3007 475 3086 genitor,
489 3009 631 3086 quoniam
643 3009 820 3070 fundamine
831 3030 941 3090 magno

88 3103 288 3165 rasRcmana
301 3103 384 3164 valet
398 3124 454 3165 nec
466 3106 604 3183 praeside
618 3107 730 3185 pendet
744 3110 866 3177 chuno,
1119 3156 1120 3177 1

89 3202 230 3283 praemia,
244 3219 321 3279 quae
335 3203 481 3280 promisse
493 3202 568 3262 mihi
584 3204 733 3284 dignoque
745 3207 856 3285 nepoti,
998 3230 1035 3271 sue
1117 3220 1119 3285 ζ
