2330 3846
198 309 236 364 60
339 305 477 364 OVIDII
503 302 905 362 METAMORPHOSEON

197 437 275 495 velle
289 442 371 514 puta,
386 436 500 496 faciatl
522 455 593 493 nam
607 436 678 493 dum
691 434 792 511 peiora
804 434 962 505 timentur,

198 539 244 591 est
259 533 340 591 locus
353 533 386 590 in
400 532 530 589 vulnus:
552 550 615 588 sors
628 537 729 587 autem
743 530 796 587 ubi
809 530 936 606 pessima
949 548 1061 594 rerum,

145 661 181 698 490
195 629 250 686 sub
264 628 390 706 pedibus
403 628 495 685 timor
508 633 562 697 est,
578 644 737 701 securaque
752 645 866 684 summa
879 625 1035 683 malorum

197 727 301 785 audiat
315 727 387 802 ipsa,
402 725 482 795 licet,
498 730 537 793 et,
552 722 630 800 quod
645 722 727 793 facit,
743 722 840 780 oderit
854 741 957 780 omnes

199 824 254 881 sub
268 822 413 880 Diomede
427 821 517 891 viros,
532 820 634 878 odium
647 825 749 877 tamen
763 818 846 877 illius
859 838 962 877 omnes

199 918 374 995 spernimus,
389 925 421 976 et
434 937 543 993 magno
557 922 620 974 stat
634 935 743 993 magna
756 916 893 993 potentia
907 915 1021 974 nobis.”

199 1014 312 1072 talibus
317 1013 452 1071 inritans
465 1015 615 1071 Venerem
628 1012 807 1071 Pleuronius
820 1013 937 1070 Acmon

147 1141 181 1182 495
196 1110 368 1169 instimulat
381 1110 491 1179 verbis,
505 1114 695 1184 veteremque
708 1108 869 1165 resuscitat
882 1108 968 1168 iram.

200 1209 280 1266 dicta
293 1206 412 1283 placent
425 1206 546 1283 paucis:
567 1203 684 1262 numeri
697 1205 819 1263 maioris
833 1203 921 1262 amici

199 1306 334 1361 Acmona
347 1304 530 1381 corripimus.
573 1303 622 1360 cui
635 1301 814 1378 respondere
827 1300 942 1359 volenti

200 1420 259 1458 vox
273 1402 387 1478 pariter
400 1401 539 1476 vocisque
553 1400 603 1456 via
617 1404 664 1456 est
677 1403 821 1470 tenuata3
842 1415 1000 1473 comaeque

200 1497 233 1553 in
247 1497 363 1574 plumas
376 1497 497 1566 abeunt,
512 1495 622 1571 plumis
636 1514 714 1551 nova
727 1494 804 1551 colla
817 1498 964 1572 teguntur

149 1626 185 1664 500
199 1600 375 1672 pectoraque
389 1601 420 1652 et
434 1601 561 1669 tergum,
576 1594 701 1650 maiores
715 1591 856 1649 bracchia
870 1611 984 1669 pennas

202 1693 360 1768 accipiunt,
374 1692 527 1767 cubitique
541 1690 621 1747 leves
636 1688 796 1746 sinuantur
810 1688 843 1745 in
856 1688 938 1759 alas;

201 1809 309 1866 magna
323 1789 431 1866 pedum
446 1787 556 1863 digitos
571 1806 640 1863 pars
654 1791 786 1862 occupat,
802 1804 911 1862 oraque
924 1805 1020 1844 cornu

202 1889 345 1946 indurata
359 1886 459 1963 rigent
474 1887 619 1961 finemque
632 1885 664 1940 in
678 1885 813 1942 acumine
826 1889 948 1961 ponunt.

203 1986 281 2042 huno
294 1984 401 2061 Lycus,
417 1983 496 2040 himo
510 1982 581 2039 Idas
595 1987 626 2038 et
641 2000 707 2038 cum
721 1981 898 2039 Rhexenore
912 1981 1064 2058 Nycteus,
1155 2014 1156 2029 κ

151 2110 186 2149 ⁵0⁵
200 2081 279 2138 huno
292 2080 420 2137 miratur
433 2080 535 2151 Abas3
556 2083 587 2136 et
602 2079 673 2136 dum
686 2078 844 2149 mirantur,
860 2078 983 2136 eandem
1154 2070 1156 2113 l

203 2179 352 2255 accipiunt
365 2177 478 2238 faciem.
522 2194 721 2251 numerusque
736 2194 772 2235 ex
787 2176 905 2253 agmine
918 2175 1017 2233 maior

205 2274 343 2332 subvolat
357 2280 388 2331 et
402 2293 498 2332 remos
511 2272 624 2349 plausis
638 2271 833 2329 circumvolat
846 2271 911 2328 alis.

205 2372 231 2429 si
244 2370 399 2429 volucrum
413 2389 488 2446 quae
503 2371 543 2426 sit
557 2370 726 2427 subitarum
741 2368 837 2426 forma
850 2369 985 2445 requiris,

205 2475 240 2525 ut
253 2488 314 2526 non
328 2487 499 2544 cygnorum,
516 2467 557 2524 sic
570 2466 648 2522 albis
661 2466 797 2541 proxima
810 2466 922 2542 cygnis.

150 2591 187 2627 510
203 2566 255 2622 vix
268 2564 405 2641 equidem
418 2563 473 2621 has
488 2563 571 2623 sedes
585 2568 616 2619 et
630 2561 754 2637 Iapygis
767 2561 852 2618 arida
865 2560 966 2618 Dauni

206 2682 278 2720 arva
292 2680 383 2739 gener
395 2667 483 2718 teneo
497 2659 620 2717 minima
634 2678 701 2715 cum
714 2663 800 2734 parte
813 2656 964 2715 meorum!

220 2832 267 2881 The
281 2836 347 2894 story
357 2832 386 2893 of
397 2848 415 2881 a
429 2831 546 2893 slwplwrd
561 2832 590 2892 cs
602 2831 708 2892 Apulia,
726 2829 779 2877 wlco
785 2828 831 2889 for
840 2828 881 2877 tic
896 2827 944 2877 evil
954 2829 1041 2889 speech
1053 2846 1106 2879 war

495 2897 602 2957 cloach
613 2900 636 2944 to
646 2911 664 2944 a
674 2895 736 2943 wtld
747 2894 815 2942 olive.

247 3015 403 3073 Hactenus
417 3012 552 3071 Oenides.
595 3010 734 3069 Venulus
748 3008 912 3087 Calydonia
925 3026 1022 3084 regna

207 3112 421 3188 Peucetiosque
434 3112 518 3169 sinus
532 3110 739 3186 Messapiaque
753 3127 827 3166 arva
839 3105 992 3181 relinquit.

453 3250 499 3298 493
517 3247 732 3314 magniloquentia
743 3249 777 3301 ll.
