2330 3846
410 297 538 353 LIBER
570 296 647 354 XIV.
916 295 951 353 61

66 430 215 506 inquibus
229 432 318 485 antra
331 427 424 497 videt,
440 445 515 502 quae
529 425 626 482 multa
640 426 745 482 nubila
759 425 836 483 silva

67 534 94 585 et
107 527 223 584 levibus
236 523 341 582 cannis
355 522 512 580 latitantia
527 522 688 598 semicaper
702 522 768 579 Pan
970 550 1008 590 ,ις
1117 556 1119 561 ,

68 642 141 680 nunc
154 626 256 679 tenet:
277 625 311 677 at
324 619 453 694 quodam
473 624 638 675 tenuerunt
651 623 785 694 tempore
798 618 954 695 nymphae.

69 718 181 794 Apulus
194 717 250 774 has
263 715 318 772 illa
331 720 434 791 pastor
447 714 568 791 regione
583 713 705 790 fugatas

70 817 173 872 terruit
186 820 217 872 et
231 814 327 891 primo
341 813 443 869 subita
457 811 617 868 formidine
631 811 747 869 movit:

71 932 141 981 mox,
154 912 207 969 ubi
220 930 304 968 mens
317 910 408 968 rediit
422 915 453 967 et
466 914 669 985 contempsere
684 913 865 984 sequentem,

73 1010 105 1066 ed
118 1028 272 1066 numerum
285 1007 377 1065 motis
389 1006 515 1083 pedibus
530 1007 641 1064 duxere
655 1006 783 1065 choreas.
974 1037 1011 1074 520

73 1107 211 1182 improbat
225 1105 280 1162 hes
294 1110 396 1181 pastor
410 1104 548 1180 saltuque
562 1104 701 1161 imitatus
715 1105 828 1181 agresti

74 1200 181 1259 eddidit
195 1202 330 1259 obscenis
344 1201 478 1258 convicia
491 1200 606 1257 rustica
619 1200 726 1258 dictis:

75 1317 123 1356 nec
135 1299 215 1375 prius
229 1316 262 1355 os
275 1297 382 1365 tacuit,
396 1315 486 1372 quam
500 1301 627 1372 guttura
637 1297 773 1355 condidit
786 1298 882 1355 arbor.

77 1396 155 1452 arbor
167 1396 246 1453 enim
260 1399 315 1462 est,
332 1413 459 1470 sucoque
472 1395 543 1452 licet
558 1413 732 1471 cognoscere
745 1414 850 1454 mores.

78 1491 173 1569 quippe
186 1497 289 1549 notam
302 1490 422 1567 linguae
436 1490 518 1547 foliis
531 1490 659 1549 oleaster
673 1492 782 1549 ameris
977 1523 1012 1561 5²⁵

80 1589 203 1646 exhibet:
225 1588 372 1664 asperitas
386 1589 546 1645 verborum
560 1588 650 1645 cessit
663 1587 697 1646 in
709 1588 771 1646 illa.

86 1796 173 1846 Terreat
178 1799 239 1862 ficas
249 1797 289 1846 ttc
301 1797 395 1859 l'rq'oc
405 1797 481 1859 stips,
495 1798 576 1847 etue
587 1799 617 1860 by
628 1799 667 1848 tte
678 1804 746 1862 preat
754 1801 853 1863 goddess
866 1801 949 1863 Cybele

211 1863 265 1911 tter
276 1862 344 1911 loecd
354 1862 419 1911 them
430 1877 473 1910 arc
484 1862 592 1925 changed
603 1868 626 1912 te
636 1865 801 1927 sea-nymphe.

117 1993 189 2053 Hinc
202 1995 255 2053 ubi
268 1994 363 2071 legati
377 1995 500 2063 rediere,
513 2001 624 2072 negata
637 1997 771 2056 ferentes

86 2111 153 2150 arma
165 2094 273 2152 Aetola
287 2093 354 2164 sibi,
369 2093 479 2150 Rutuli
494 2095 559 2152 sine
572 2095 690 2153 viribus
704 2095 766 2154 illis

87 2188 151 2246 bella
162 2189 309 2248 instructa
322 2195 440 2267 gerunt.
475 2191 663 2267 multumque
673 2192 711 2248 ab
722 2199 849 2269 utraque
862 2196 975 2253 cruoris

88 2291 158 2360 perte
169 2288 267 2345 detur.
310 2286 372 2344 fert
386 2306 451 2345 ecce
464 2288 570 2345 avidas
584 2289 616 2344 in
630 2289 718 2364 pinea
731 2290 851 2348 Turnus
979 2323 1015 2361 ⁵³0

35 2370 37 2395 ³
88 2388 157 2443 texta
168 2386 256 2456 faces,
271 2387 414 2462 ignesque
428 2384 547 2454 timent,
562 2386 671 2461 quibus
684 2388 766 2445 unde
779 2389 919 2465 pepercit.

88 2479 185 2559 iamque
198 2485 293 2561 picem
307 2487 338 2539 et
352 2501 434 2539 ceras
448 2482 649 2558 alimentaque
662 2488 761 2541 cetera
779 2485 913 2544 flammae

89 2575 218 2639 Mulciber
230 2581 347 2649 urebat,
362 2598 472 2655 perque
487 2578 584 2636 altum
597 2580 636 2636 ad
650 2582 774 2637 carbasa
786 2582 898 2640 malum

88 2673 147 2748 ibet,
160 2682 189 2736 et
203 2678 345 2735 incurvae
358 2676 519 2733 fumabant
532 2680 667 2734 transtra
680 2678 815 2736 carinae:

40 2782 42 2837 ι
89 2788 143 2829 cum
153 2793 261 2832 memor
274 2774 329 2831 has
342 2773 432 2849 pinus
446 2772 537 2830 Idaeo
551 2773 665 2831 vertice
678 2793 778 2832 caeses
979 2809 1014 2847 ,35

40 2840 43 2933 l
90 2876 175 2929 anca
188 2872 275 2929 deum
288 2871 426 2946 genetrix
439 2869 604 2927 tinnitibus
619 2874 688 2927 aera
701 2871 782 2947 pulsi

91 2967 152 3025 eeris
164 2973 193 3026 et
205 2968 303 3025 inflati
317 2967 477 3044 complevit
490 2985 642 3024 murmure
657 2967 739 3036 buxi,

190 3161 235 3207 515
252 3160 339 3207 cannis
350 3158 470 3206 nutantia
482 3158 515 3210 M.
633 3159 680 3206 524
697 3171 756 3207 suco
764 3156 840 3207 liceat
850 3158 885 3208 ll.

192 3225 236 3275 525
252 3222 366 3275 becisM.
635 3223 681 3274 526
698 3220 802 3273 illeeM.
