2322 3848
403 321 531 380 ulnus>
560 318 654 378 XIII.

66 455 112 513 bic
124 453 234 525 subito,
249 458 382 529 quantus
394 471 462 509 cum
475 452 592 508 viveret
605 468 668 507 esse
682 448 804 518 solebat,

65 552 126 610 exit
139 550 229 608 humo
247 549 309 607 late
322 555 421 626 rupta,
436 547 599 623 similisque
611 543 740 602 minanti

65 646 204 723 temporis
217 644 300 702 illius
313 645 433 701 vultum
445 643 594 701 referebat
608 640 751 711 Achilles,

65 762 121 819 quo
134 742 216 800 ferus
230 740 343 798 iniusto
357 740 445 817 petiit
458 740 684 815 Agamemnona
697 736 794 794 ferro:

68 839 256 896 ‘inmemores
268 839 274 863 ’
289 856 347 914 que
361 836 437 894 ‘mei
451 835 620 892 disceditis¹
635 834 735 910 inquit
751 831 895 889 ‘Achivil
964 862 999 898 445

66 936 229 1011 obrutaque
243 939 289 991 est
299 952 414 990 mecum
426 932 551 988 virtutis
565 931 663 1008 gratia
676 930 817 986 nostraet

67 1051 102 1089 ne
109 1031 212 1090 facite!
229 1037 322 1107 utque
330 1048 428 1087 meum
436 1048 497 1086 non
511 1028 552 1085 sit
561 1028 624 1084 sine
633 1026 743 1084 honore
757 1026 953 1102 sepulchrum,

67 1128 160 1204 placet
173 1125 328 1184 Achilleos
341 1130 472 1182 mactata
492 1123 647 1200 Polyxena
660 1123 779 1180 manes!

67 1223 158 1280 dixit:
180 1228 220 1296 et,
237 1222 338 1279 inmiti
352 1221 438 1278 sociis
452 1218 627 1297 parentibus
641 1218 770 1287 umbrae,

66 1325 150 1396 rapta
163 1318 233 1376 sinu
246 1317 361 1386 matris,
375 1335 464 1393 quam
477 1316 537 1373 iam
550 1334 640 1392 prope
653 1314 717 1372 sola
729 1313 859 1383 fovebat,
966 1344 1003 1381 ⁴⁵0

67 1415 154 1473 fortis
169 1420 201 1473 et
214 1413 323 1472 infelix
335 1419 367 1471 et
380 1413 448 1489 plus
461 1431 551 1488 quam
564 1411 675 1469 femina
689 1412 774 1488 virgo

66 1511 186 1569 ducitur
198 1510 237 1568 ad
251 1509 402 1567 tumulum
416 1510 538 1585 diroque
551 1508 586 1564 fit
599 1507 698 1565 hostia
711 1508 808 1566 busto.

269 1690 323 1738 Her
333 1704 479 1752 couruqcous
489 1689 570 1752 sptem
580 1690 632 1754 aad
642 1689 709 1737 noble
719 1688 798 1737 daut.

65 1820 139 1879 qnae
151 1818 265 1857 memor
278 1801 343 1877 ipsa
356 1801 411 1872 eui,
430 1806 587 1878 postquam
600 1801 769 1869 crudelibus
783 1802 843 1858 aris

65 1898 187 1955 admota
200 1902 246 1954 est
256 1895 409 1972 sensitque
423 1896 481 1954 sibi
495 1896 560 1954 fera
574 1916 656 1979 sacra
669 1896 776 1973 parari,

65 2001 157 2071 utque
170 1992 401 2070 Neoptolemum
415 1998 546 2050 stantem
559 1992 728 2070 ferrumque
741 2000 892 2052 tenentem
967 2024 1002 2062 4⁵5

65 2089 155 2167 inque
169 2108 223 2147 suo
238 2088 316 2147 vidit
329 2089 469 2166 figentem
482 2090 596 2148 lumina
613 2091 709 2164 vultu,

66 2191 169 2244 ‘utere
182 2186 355 2244 iamdudum
369 2205 509 2263 generoso
523 2189 667 2265 sanguine
678 2188 703 2247 t’
726 2189 804 2247 dixit
860 2207 862 2210 ’

67 2283 172 2341 ‘nulla
184 2301 267 2340 mora
281 2288 334 2340 est.
356 2282 478 2359 quintu
491 2284 594 2360 iugulo
607 2286 655 2343 vel
669 2291 786 2362 pectore
800 2286 894 2344 telum

64 2378 158 2438 conde
172 2398 238 2438 meo
252 2381 258 2436 Ι
272 2380 280 2406 ’
300 2381 493 2460 iugulumque
507 2381 596 2440 simul
609 2389 769 2459 pectusque
782 2386 900 2443 retexit.

66 2476 200 2537 ‘scilicet
213 2476 293 2534 haud
307 2477 362 2535 ulli
377 2481 488 2537 servire
503 2480 656 2566 Polyxena
669 2481 785 2538 vellem.
968 2503 1004 2551 4⁶0

66 2569 159 2652 [haud
174 2591 228 2650 per
241 2562 302 2630 tale
316 2593 432 2632 sacrum
445 2594 556 2633 numen
569 2577 726 2653 placabitis
740 2576 857 2658 ullum]

65 2687 146 2727 mors
159 2673 282 2726 tantum
295 2670 403 2727 vellem
416 2677 542 2730 matrem
555 2691 620 2731 mea
633 2672 737 2732 fallere
750 2680 857 2751 posset.

64 2770 163 2822 mater
176 2764 270 2836 obest,
285 2766 452 2842 minuitque
471 2768 551 2825 necis
565 2769 638 2826 mihi
651 2770 776 2844 gaudia:
797 2772 932 2847 quamvis

65 2878 127 2918 non
140 2878 208 2918 mea
222 2878 300 2918 mors
314 2861 370 2933 illi,
385 2881 489 2920 verum
503 2883 557 2920 sua
571 2863 636 2921 vita
649 2866 802 2923 tremenda
816 2857 870 2924 est.

66 2975 119 3016 vos
132 2957 231 3029 modo,
244 2976 283 3015 ne
296 2958 417 3036 Stygios
429 2960 532 3017 adeam
545 2981 606 3018 non
626 2962 720 3020 libera
732 2983 842 3033 manes,
969 2987 1004 3036 4⁶3

64 3058 130 3112 este
143 3053 257 3130 procul,
272 3054 298 3112 si
312 3055 392 3113 iusta
406 3061 484 3133 peto,
498 3062 640 3134 tactuque
653 3059 755 3118 viriles

98 3182 289 3236 stavelus.
373 3188 446 3235 loo-1
464 3190 585 3237 aut...aut
597 3189 631 3237 Μ.
716 3193 763 3240 460
779 3191 866 3241 ferrem
878 3194 907 3242 R.

246 3251 291 3299 461
309 3251 362 3299 sim
372 3252 444 3300 uncie
453 3251 523 3301 ult
624 3254 757 3305 leuiter.

828 3338 885 3394 02
