2322 3848
198 342 237 398 34
339 341 476 399 OVIDII
501 337 900 397 METAMORPHOSEON

198 470 336 545 pauperis
345 476 393 527 est
405 490 561 529 numerare
573 491 671 548 pecus
714 471 751 528 de
764 469 903 526 laudibus
916 466 1032 523 harum

150 587 182 636 as
196 569 241 625 nil
253 570 328 626 mihi
340 568 518 626 credideris:
539 587 677 644 praesens
690 576 776 643 potes
789 567 854 643 ipsa
866 566 977 636 videre,

199 672 235 722 ut
247 666 301 723 vix
312 667 494 723 circumeant
507 665 673 722 distentum
691 663 828 721 cruribus
841 665 923 721 uber.

200 766 280 832 sunt,
293 761 394 819 fetura
405 763 512 833 minor,
526 761 637 837 tepidis
650 762 684 816 in
697 760 826 817 ovilibus
845 761 924 835 agni,

200 864 272 915 sunt
285 878 409 935 quoqne,
423 878 477 935 par
489 864 582 928 aetas,
596 856 665 913 aliis
677 856 711 912 in
725 856 855 913 ovilibus
868 855 963 912 haedi.

200 954 246 1012 lac
258 955 333 1011 mihi
346 973 461 1030 semper
473 954 559 1010 adest
572 953 703 1009 niveum.
746 971 814 1028 pars
827 952 897 1009 inde
908 951 1045 1010 bibenda

149 1069 186 1117 ⁸30
198 1056 343 1122 servatur,
358 1056 473 1125 purtem
493 1047 656 1123 liquefacta
668 1047 792 1122 coagirla
806 1048 925 1105 durant.

201 1165 255 1204 nec
267 1146 325 1203 tibi
338 1146 461 1203 deliciae
474 1144 578 1201 faciles
591 1143 772 1218 vulgataque
785 1148 905 1200 tantum

201 1261 325 1299 munera
338 1242 523 1317 contingent,
537 1241 671 1297 dammae
685 1239 856 1315 leporesque
870 1259 1025 1316 caperque,

203 1358 292 1414 parve
305 1339 509 1396 columbarum
522 1337 697 1414 demptusve
711 1337 862 1393 cacumine
876 1336 983 1393 nidus:

202 1435 305 1491 inveni
316 1434 457 1510 geminos,
472 1434 524 1509 qui
537 1439 637 1490 tecum
650 1432 753 1489 ludere
766 1433 890 1508 possint,

151 1550 187 1596 ⁸3⁵
202 1531 281 1586 inter
294 1548 325 1586 se
338 1529 458 1597 similes
472 1530 525 1585 vix
545 1534 580 1585 ut
594 1529 764 1604 dignoscere
777 1529 880 1603 poesie,

204 1624 328 1681 villosae
340 1625 456 1681 catulos
470 1624 502 1681 in
516 1624 640 1681 summis
652 1623 804 1680 montibus
819 1642 920 1680 ursae:
1037 1645 1043 1656 ·

204 1720 306 1776 inveni
320 1725 351 1776 et
365 1719 428 1775 dixi
443 1725 460 1751 “
472 1719 608 1777 dominae
622 1720 806 1777 servabimus
816 1716 918 1777 istos.”

205 1815 265 1871 iam
277 1815 362 1871 modo
375 1815 510 1873 caeruleo
523 1816 654 1873 nitidum
667 1821 757 1890 caput
770 1833 856 1873 exere
869 1822 969 1890 ponto,

206 1929 273 1980 1am,
290 1910 422 1980 Galatea,
441 1912 518 1981 veni,
534 1930 588 1969 nec
601 1930 725 1968 munera
738 1911 854 1989 despice
866 1916 976 1970 nostra

367 2120 416 2167 His
432 2120 547 2181 strnrqtb,
570 2121 715 2179 cornelissen,
737 2122 789 2168 atad
807 2124 938 2180 wmtaooy.

155 2276 192 2323 840
204 2261 283 2314 certe
296 2276 349 2332 ego
363 2277 410 2316 me
423 2260 493 2316 novi
507 2258 695 2334 liquidaeque
708 2259 741 2316 in
755 2260 882 2336 imagine
895 2259 958 2316 vidi

207 2371 302 2428 nuper
314 2373 417 2428 aquae,
432 2353 604 2431 placuitque
617 2355 692 2411 mihi
706 2374 771 2412 mea
785 2354 881 2411 forma
894 2354 1020 2411 videnti.

207 2451 312 2525 aspice,
328 2449 384 2506 sim
396 2457 535 2526 quantus.
577 2473 637 2510 non
652 2458 697 2510 est
711 2453 766 2509 hoc
780 2470 899 2527 corpore
912 2451 1006 2508 maior

208 2545 345 2621 Iuppiter
357 2546 389 2603 in
403 2546 492 2605 caelo.
535 2568 604 2605 nam
618 2568 672 2606 vos
685 2566 807 2605 narrare
822 2548 924 2605 soletis

208 2643 402 2717 nescioquem
415 2662 539 2719 regnare
553 2645 663 2702 Iovem.
705 2663 787 2701 coma
801 2644 928 2721 plurima
941 2649 1046 2703 torvos

157 2755 192 2804 ⁸45
205 2738 353 2814 prominet
366 2739 398 2795 in
412 2739 524 2810 vultus,
540 2759 722 2816 umerosque,
738 2747 772 2798 ut
786 2741 880 2812 lucus,
895 2741 1066 2799 obumbrat.

208 2852 262 2890 nee
276 2852 340 2890 mea
353 2834 431 2910 quod
445 2834 549 2910 rigidis
564 2837 687 2893 horrent
701 2836 875 2894 densissima
889 2838 979 2895 saetis

209 2947 335 3005 corpora,
350 2934 437 3006 turpe
448 2936 527 3006 puta
570 2931 667 3007 turpis
681 2933 745 2989 sine
758 2931 915 2990 frondibus
927 2933 1025 3004 arbor,

158 3042 193 3090 aa
208 3024 304 3100 turpis
318 3043 418 3099 equus,
434 3025 492 3082 nisi
505 3025 582 3083 colla
594 3026 681 3084 iubae
695 3028 834 3085 flaventia
848 3028 955 3085 velent.

158 3137 196 3184 850
208 3118 299 3176 barba
312 3119 393 3177 viros
406 3120 560 3197 hirtaeque
574 3122 680 3180 decent
694 3124 726 3180 in
739 3143 859 3200 corpore
873 3130 980 3182 saetae.

372 3276 418 3323 838
436 3274 515 3323 exime
527 3276 561 3325 M.
630 3279 676 3325 849
693 3292 742 3325 swa
752 3278 835 3326 0888888
845 3278 876 3328 R.
