2330 3846
420 313 549 372 LIBER
579 312 661 372 XIV.
926 311 965 369 63

64 447 270 523 Neritiaeque
283 446 358 504 ratis
371 445 514 503 viderunt
527 444 679 521 fragmina
691 443 781 502 laetis

63 544 223 615 vultibus,
238 548 269 600 et
282 540 371 600 laetis
384 541 487 599 videre
500 541 645 617 rigescere
658 541 780 618 puppim

64 642 214 699 vultibus
227 639 349 698 Alcinoi
362 656 525 714 saxumque
538 637 701 696 increscere
714 637 808 713 ligno.
984 652 1019 702 ⁵⁶⁵

69 844 124 894 mu
151 842 261 893 Recole
276 842 331 890 acin
346 842 467 904 marrim,
487 841 574 891 Ardea
592 841 658 890 their
674 841 742 902 abies
756 843 806 902 city
823 841 846 889 ia
864 840 957 889 buum

66 908 133 959 oue
146 908 208 971 siro.
244 907 319 956 rrum
335 907 368 955 ite
380 906 450 955 arluc
463 908 562 969 maye
572 921 589 954 u
599 906 682 967 lurco,
695 906 777 955 wbr'cb
787 908 816 955 ia
827 905 866 954 ibo
880 905 957 953 Latia

383 971 407 1018 ὼ
417 971 496 1019 called
508 969 619 1020 ‘ardea’

124 1080 205 1159 Spes
218 1083 293 1148 erat,
308 1079 341 1136 in
354 1079 502 1156 nymphas
515 1080 649 1137 animate
662 1079 755 1137 classe
773 1079 903 1137 marinas

67 1197 163 1258 posse
177 1181 260 1235 metu
273 1175 403 1234 monstri
416 1176 566 1233 Rutulum
577 1176 720 1235 desistere
733 1175 822 1237 belle.

68 1279 203 1354 perstat,
218 1273 368 1349 habetque
382 1273 453 1332 deos
467 1293 537 1351 pars
550 1280 687 1350 utraque,
698 1274 836 1352 quodque
849 1275 969 1332 deorum

174 1376 222 1429 est

70 1471 185 1540 instar,
201 1468 315 1525 habent
329 1468 452 1526 animos.
494 1487 549 1526 nec
563 1469 622 1525 iam
637 1467 750 1526 dotalia
762 1488 864 1546 regna,

69 1586 130 1625 nec
144 1570 298 1643 sceptrum
312 1564 413 1634 soceri,
424 1583 479 1622 nec
491 1569 532 1634 te,
548 1563 677 1623 Lavinia
689 1566 784 1642 virgo,
989 1596 1026 1635 ⁵⁷0

71 1664 129 1722 sed
143 1661 253 1721 vicisse
266 1667 376 1738 petunt
390 1661 615 1739 deponendique
627 1662 741 1739 pudore

71 1759 161 1818 bella
175 1763 294 1834 gerunt.
336 1756 517 1834 tandemque
530 1757 635 1815 Venus
648 1758 785 1816 victricia
797 1759 863 1816 nati

72 1875 165 1914 arma
176 1855 270 1923 videt,
285 1854 461 1932 Turnusque
474 1855 572 1913 cadit:
593 1856 675 1913 sedit
688 1856 798 1926 Ardea,
812 1857 913 1915 Turno

74 1953 192 2029 sospite
207 1952 287 2008 dicta
300 1956 414 2026 potens.
446 1970 536 2028 quam
549 1957 708 2029 postquam
721 1953 881 2012 Dardanus
893 1953 973 2032 ignis

75 2048 219 2119 abstulit,
233 2053 265 2106 et
278 2048 381 2125 tepida
394 2049 551 2107 latuerunt
565 2054 647 2107 tecta
660 2049 774 2123 favilla,
990 2079 1025 2120 ur

75 2145 219 2220 congerie
232 2163 249 2201 e
261 2143 360 2202 media
372 2149 439 2202 tum
453 2145 583 2221 primum
599 2146 720 2221 cognita
733 2165 856 2224 praepes

79 2241 231 2310 subvolat,
247 2246 278 2298 et
292 2242 406 2298 cineres
420 2241 532 2318 plausis
546 2242 702 2300 everberat
715 2243 779 2302 elis.

79 2342 114 2395 et
128 2356 217 2394 sonus
230 2341 262 2395 et
275 2337 383 2396 macies
397 2344 429 2395 et
442 2338 539 2414 pallor
552 2345 584 2397 et
598 2340 706 2412 omnia,
717 2346 835 2417 captum

78 2451 159 2511 quae
172 2433 296 2490 deceant
309 2435 422 2503 urbem,
438 2453 546 2492 nomen
559 2455 676 2513 quoque
689 2439 802 2494 mansit
816 2438 848 2495 in
861 2438 916 2495 illa

9 2550 10 2613 ἰ
79 2529 185 2602 urbis;
205 2535 236 2587 et
248 2528 316 2605 ipsa
329 2530 390 2588 suis
405 2529 600 2609 deplangitur
612 2532 715 2590 Ardea
728 2534 842 2609 pennis'.
993 2554 1028 2603 seo

9 2812 11 2825 y
78 2730 965 2848 Jumlerqrautstheproycrippmmstbathcrsoumaybcoom

122 2904 249 2980 Iamque
263 2905 332 2963 deos
346 2924 448 2965 omnes
462 2908 615 2986 ipsamque
628 2911 744 2970 Aeneia
757 2914 856 2972 virtus

79 3004 231 3062 Iunonem
244 3007 361 3062 veteres
373 3004 460 3063 finire
473 3010 610 3083 coegerat
623 3009 701 3067 ires:

78 3118 160 3169 cum,
174 3099 250 3158 bene
263 3098 398 3159 fundatis
412 3101 518 3177 opibus
531 3106 691 3163 crescentis
703 3105 776 3180 Iuli,

116 3248 165 3298 564
182 3245 261 3297 laetae
272 3246 308 3298 Μ.
378 3249 424 3300 565
441 3252 525 3301 mabil
536 3253 571 3302 Μ.
641 3253 713 3304 soa-7
730 3256 802 3306 uocis
813 3257 915 3309 inlusit
926 3258 962 3314 M.
