2330 3846
430 326 560 383 LIBER
589 324 671 382 XIV.
934 323 971 380 47

78 460 153 536 quid
170 458 246 515 mihi
258 463 333 515 tunc
346 457 470 514 animi-
479 456 539 513 nisi
553 455 579 512 si
593 456 684 513 timor
698 454 826 512 abstulit
840 471 957 512 omnem

78 576 205 614 sensum
212 554 512 631 animumque—fuit,
523 573 590 611 cum
600 573 655 611 vos
665 558 766 629 petere
776 553 840 610 alta
849 551 973 609 relictus

78 673 213 731 aequora
225 653 386 729 conspexit
406 651 490 709 volui
503 650 674 721 inclamare,
690 650 741 707 sed
756 649 837 706 hosti

78 750 208 825 prodere
221 768 267 806 me
281 749 378 806 timui.
401 750 519 806 vestrae
533 766 649 823 quoque
666 747 777 803 clamor
791 745 894 804 Ulixis
990 776 1000 802 1

78 865 177 922 paene
192 846 252 902 rati
266 845 376 901 nocuit.
399 844 471 915 vidi,
487 863 554 900 cum
567 849 668 901 monte
683 843 802 901 revulso

79 942 236 1000 inmanem
248 942 403 1018 scopulum
415 942 528 999 medias
542 942 678 1017 permisit
692 942 725 997 in
739 940 853 1012 undas;

80 1040 145 1098 vidi
159 1039 273 1096 iterum
286 1038 383 1096 veluti
396 1039 541 1096 tormenti
554 1038 671 1096 viribus
685 1043 753 1095 acta

80 1144 171 1195 vasta
186 1136 335 1213 Giganteo
349 1136 530 1193 iaculantem
545 1155 617 1192 saxa
629 1136 751 1205 lacerta,

80 1237 120 1302 et,
134 1250 177 1289 ne
192 1231 375 1308 deprimeret
389 1232 499 1291 fluctus
512 1239 661 1292 ventusve
674 1233 817 1302 carinam,

78 1329 240 1404 pertimui,
255 1330 316 1386 iam
329 1349 377 1388 me
391 1350 451 1388 non
466 1350 530 1389 esse
545 1331 660 1390 oblitus
675 1332 707 1388 in
720 1330 783 1387 illa.

98 1507 151 1555 Tha
162 1506 266 1567 ravtapr
276 1505 305 1566 of
312 1504 349 1553 lla
361 1505 460 1554 blindad
472 1505 567 1566 Cyclop,
581 1505 633 1553 arrd
643 1505 683 1553 latr
693 1505 781 1553 berria
791 1505 941 1555 warram.

82 1628 117 1679 ut
130 1640 205 1679 vero
219 1620 293 1697 fuga
306 1639 359 1678 vos
373 1640 392 1676 a
405 1625 487 1677 certa
500 1624 597 1676 morte
610 1618 741 1688 reduxit,

81 1719 133 1777 ille
147 1718 272 1796 quidem
285 1723 381 1775 totam
394 1718 598 1795 gemebundus
612 1716 786 1774 obambulat
800 1717 932 1774 Aetnam

81 1819 344 1891 praetemptatque
358 1833 449 1870 manu
464 1813 556 1870 silvas
570 1818 601 1870 et
614 1813 737 1871 luminis
751 1813 842 1871 orbus

82 1913 213 1990 rupibus
225 1911 368 1982 incursat,
383 1910 561 1986 foedataque
575 1911 713 1967 bracchia
726 1912 798 1969 tabo

82 2008 114 2066 in
128 2027 213 2067 mare
227 2008 406 2084 protendens
421 2012 542 2083 gentem
555 2013 728 2065 exsecratur
742 2008 899 2076 Achivam,

82 2112 177 2182 atque
189 2104 234 2161 ait
250 2109 294 2161 “0
309 2104 335 2161 si
348 2104 415 2179 quis
429 2103 542 2161 referat
557 2104 632 2161 mihi
645 2123 732 2163 casus
745 2104 869 2175 Ulixen,

82 2209 136 2261 aut
155 2202 287 2278 aliquem
301 2220 317 2258 e
331 2200 425 2270 sociis,
440 2201 473 2257 in
486 2220 575 2277 quem
588 2220 654 2258 mea
668 2202 783 2259 saeviat
797 2201 849 2275 ira,

82 2302 198 2359 viscera
211 2299 295 2357 cuius
309 2300 404 2370 edam,
419 2299 503 2356 cuius
517 2299 653 2356 viventia
667 2300 774 2357 dextra

81 2398 217 2456 membra
230 2416 296 2454 mea
309 2397 427 2466 laniem,
443 2395 528 2453 cuius
541 2397 617 2453 mihi
632 2397 754 2474 sangnis
768 2397 896 2455 inundet
991 2430 1000 2455 1

81 2500 201 2572 guttur,
216 2498 248 2551 ct
261 2493 328 2551 elisi
342 2493 495 2570 trepident
509 2493 565 2550 sub
580 2493 722 2551 dentibus
736 2497 839 2552 artus!

81 2609 175 2669 quam
201 2589 320 2647 nullum
347 2595 401 2647 aut
435 2589 501 2648 leve
536 2589 577 2647 sit
613 2590 755 2647 damnum
789 2590 864 2647 mihi
898 2590 973 2648 lueis

164 2687 367 2763 ademptae!'’

81 2783 156 2842 haec
171 2790 201 2841 ct
215 2784 302 2861 plura
316 2783 408 2843 ferox.
432 2802 478 2841 me
492 2782 609 2842 luridus
623 2791 748 2862 occupat
761 2786 868 2843 horror

82 2888 271 2958 spectantem
284 2884 389 2942 vultus
403 2884 567 2942 etiamnum
581 2886 670 2942 caede
683 2885 839 2943 madentes

83 2979 276 3056 crudelesque
288 2996 396 3040 manus
409 2986 440 3038 et
454 2980 574 3038 inanem
588 2981 711 3039 luminis
726 2983 827 3040 orbem
992 3013 1027 3039 ιω

82 3077 276 3153 membraque
289 3083 320 3136 et
333 3078 463 3135 humano
478 3083 647 3135 concretam
661 3078 807 3157 sanguine
821 3079 951 3137 barbam.

81 3232 125 3280 181
145 3226 274 3278 revulsum
286 3228 316 3276 R.
357 3229 404 3278 185
421 3227 514 3278 fluctus
525 3229 639 3291 iectusrc
651 3231 686 3279 M.
701 3231 824 3280 fluctusve
835 3229 933 3280 ictusve
945 3231 977 3281 R.

178 3294 224 3346 187
242 3296 273 3342 ab
285 3292 373 3342 acerba
384 3281 523 3342 ΜΓ
552 3282 832 3346 Ussmnebundus
845 3294 881 3346 R:
965 3290 977 3301 ⁴
