2330 3846
422 310 551 370 LIBER
581 310 663 370 XIV.
928 307 966 365 63

68 446 271 521 Neritiaeque
284 444 360 501 ratis
373 442 516 501 viderunt
529 441 681 519 fragmina
693 440 783 499 laetis

67 542 225 613 vultibus,
240 545 271 598 et
284 540 373 597 laetis
386 538 489 597 videre
502 538 647 614 rigescere
660 537 782 614 puppim

12 636 13 651 ¹
68 640 216 698 vultibus
229 637 350 695 Alcinoi
364 654 527 711 saxumque
540 634 703 692 increscere
716 633 809 710 ligno.
986 649 1021 698 ⁵⁶⁵

12 818 13 823 ’
73 842 128 892 rua
153 840 262 891 nucu
278 840 332 888 uos
348 840 469 901 carew,
489 839 576 888 Arsa
594 838 659 887 suc
676 838 744 899 uss
758 840 808 899 occ
825 838 848 886 u
866 837 959 886 susus

12 930 13 943 π
70 907 136 957 sciit
148 906 210 969 firc.
246 905 321 954 &om
336 905 370 952 its
382 904 452 952 astes
465 905 564 966 sps-im
574 919 591 952 a
601 903 685 964 lieren,
698 903 779 952 which
789 905 819 952 in
829 902 868 950 the
882 902 960 949 Latin

12 978 14 987 ’
385 968 498 1017 iscollcd
510 966 621 1018 ‘ardea’

12 1124 13 1135 ,
127 1079 207 1157 Spes
221 1083 295 1147 erat,
309 1077 343 1133 in
357 1078 504 1154 nymphas
518 1077 651 1134 animata
664 1076 758 1135 classe
775 1076 906 1134 marinas

12 1160 13 1165 ἵ
71 1195 165 1256 posse
180 1179 263 1233 metu
276 1173 405 1232 monstri
418 1174 568 1231 Rutulum
579 1174 722 1232 desistere
736 1172 824 1233 bello.

72 1278 206 1352 perstat,
221 1272 370 1347 habetque
385 1272 455 1330 deos
469 1290 539 1349 pars
553 1276 689 1347 utraque,
701 1271 838 1348 quodque
852 1271 971 1328 deorum

177 1373 224 1427 est

73 1470 189 1538 instar,
204 1466 318 1523 habent
332 1466 454 1523 animos.
497 1485 552 1524 nec
565 1465 626 1522 iam
640 1465 753 1523 dotalia
765 1485 866 1543 regna,

73 1584 132 1624 nec
147 1567 301 1639 sceptrum
314 1561 416 1631 soceri,
427 1581 481 1620 nec
494 1567 535 1631 te,
550 1561 679 1619 Lavinia
692 1562 787 1639 virgo,
991 1592 1028 1632 570

74 1663 131 1720 sed
146 1659 256 1719 vicisse
269 1665 379 1736 petunt
393 1658 617 1736 deponendique
631 1659 744 1736 pudore

74 1757 164 1817 bella
178 1761 296 1831 gerunt.
339 1754 519 1831 tandemque
532 1755 638 1813 Venus
651 1755 788 1813 victricia
800 1756 866 1813 nati

75 1873 169 1913 arma
180 1852 273 1920 videt,
287 1853 464 1929 Turnusque
476 1853 574 1910 cadit:
596 1853 678 1910 cadit
690 1853 800 1923 Ardea,
815 1853 916 1912 Turno

76 1950 196 2027 sospite
210 1949 290 2005 dicta
302 1955 416 2024 potens.
449 1968 538 2025 quam
552 1954 711 2026 postquam
724 1950 883 2009 Dardanus
896 1950 976 2028 ignis

77 2046 221 2116 abstulit,
236 2051 268 2104 et
281 2046 384 2122 tepida
397 2046 555 2104 latuerunt
568 2052 650 2104 tecta
663 2046 777 2120 favilla,
994 2075 1028 2117 sn

78 2142 222 2219 congerie
235 2161 252 2199 e
264 2142 363 2199 media
376 2146 443 2198 tum
456 2142 585 2219 primum
602 2143 724 2219 cognita
735 2162 858 2220 praepes

81 2239 234 2308 subvolat,
250 2243 281 2296 et
295 2239 409 2296 cineres
422 2237 535 2316 plausis
549 2240 705 2297 everberat
717 2240 783 2298 alis.

80 2342 115 2395 et
129 2355 220 2394 sonus
233 2340 265 2393 et
278 2335 386 2393 macies
400 2341 432 2393 et
445 2335 542 2412 pallor
555 2342 587 2394 et
600 2337 709 2409 omnia,
720 2342 838 2414 captam

80 2449 162 2510 quae
175 2431 299 2489 deceant
311 2433 425 2500 urbem,
441 2451 549 2490 nomen
562 2452 679 2510 quoque
692 2434 805 2491 mansit
819 2435 851 2492 in
864 2435 919 2492 ills

81 2527 188 2601 urbis;
208 2534 239 2585 et
251 2526 319 2602 ipsa
331 2528 394 2586 suis
408 2528 603 2606 deplangitur
616 2530 718 2588 Ardea
731 2530 846 2606 pennis.
996 2551 1031 2599 sao

81 2729 188 2793 Jupiter
203 2736 288 2792 prmius
307 2729 347 2779 the
359 2731 601 2845 mmm
613 2732 668 2782 that
684 2732 729 2783 her
746 2748 791 2784 sou
806 2748 866 2798 may
880 2735 968 2785 &corae

10 2944 11 2949 η
125 2903 252 2978 Iamque
266 2903 336 2961 deos
350 2922 451 2962 omnes
465 2905 619 2983 ipsamque
631 2909 748 2968 Aeneis
760 2911 860 2970 virtus

82 3002 234 3060 Iunonem
247 3005 365 3059 veteres
377 3001 464 3060 finire
476 3007 613 3080 coegerat
627 3006 704 3064 iras:

82 3116 163 3165 cum,
178 3097 254 3155 bene
266 3097 402 3157 fundatis
415 3099 521 3175 opibus
535 3103 695 3161 crescentis
707 3102 779 3178 Iuli,

120 3246 168 3296 564
185 3243 265 3296 laetae
276 3245 312 3295 M.
381 3248 428 3298 666
445 3250 529 3299 musta
539 3251 575 3299 M.
645 3250 717 3303 fier-7
734 3254 806 3303 occu
816 3254 919 3305 imbuit
930 3255 966 3309 M.
