<?xml version="1.0" encoding="UTF-8"?>
<!DOCTYPE html PUBLIC "-//W3C//DTD XHTML 1.0 Transitional//EN"
    "http://www.w3.org/TR/xhtml1/DTD/xhtml1-transitional.dtd">
<html xmlns="http://www.w3.org/1999/xhtml" xml:lang="en" lang="en">
 <head>
  <title>
</title>
<meta http-equiv="Content-Type" content="text/html;charset=utf-8" />
  <meta name='ocr-system' content='tesseract 3.04.00' />
  <meta name='ocr-capabilities' content='ocr_page ocr_carea ocr_par ocr_line ocrx_word'/>
</head>
<body>
  <div class='ocr_page' id='page_1' title='image "./metamorphoseonx00ovidgoog_0102.png"; bbox 0 0 2322 3848; ppageno 0'>
   <div class='ocr_carea' id='block_1_1' title="bbox 449 373 991 439">
    <p class='ocr_par' dir='ltr' id='par_1_1' title="bbox 449 373 991 439">
     <span class='ocr_line' id='line_1_1' title="bbox 449 373 991 439; baseline 0.018 -10"><span class='ocrx_word' id='word_1_1' title='bbox 449 373 576 431; x_wconf 83' lang='lat' dir='ltr'><em>LIBIIR</em></span> <span class='ocrx_word' id='word_1_2' title='bbox 607 373 701 433; x_wconf 87' lang='lat' dir='ltr'><em>XIII.</em></span> <span class='ocrx_word' id='word_1_3' title='bbox 954 381 991 439; x_wconf 83' lang='lat'>35</span> 
     </span>
    </p>
   </div>
   <div class='ocr_carea' id='block_1_2' title="bbox 98 503 1044 1257">
    <p class='ocr_par' dir='ltr' id='par_1_2' title="bbox 99 503 920 682">
     <span class='ocr_line' id='line_1_2' title="bbox 99 503 920 578; baseline 0.002 -13"><span class='ocrx_word' id='word_1_4' title='bbox 99 525 195 565; x_wconf 89' lang='lat' dir='ltr'>unum</span> <span class='ocrx_word' id='word_1_5' title='bbox 210 510 257 563; x_wconf 87' lang='lat' dir='ltr'>est</span> <span class='ocrx_word' id='word_1_6' title='bbox 270 506 304 560; x_wconf 90' lang='lat' dir='ltr'>in</span> <span class='ocrx_word' id='word_1_7' title='bbox 317 504 416 562; x_wconf 90' lang='lat' dir='ltr'>media</span> <span class='ocrx_word' id='word_1_8' title='bbox 430 503 532 561; x_wconf 91' lang='lat' dir='ltr'>lumen</span> <span class='ocrx_word' id='word_1_9' title='bbox 545 503 620 562; x_wconf 90' lang='lat' dir='ltr'>mihi</span> <span class='ocrx_word' id='word_1_10' title='bbox 632 503 742 578; x_wconf 80' lang='lat' dir='ltr'>fronte,</span> <span class='ocrx_word' id='word_1_11' title='bbox 757 509 808 565; x_wconf 86' lang='lat' dir='ltr'>ssd</span> <span class='ocrx_word' id='word_1_12' title='bbox 822 508 920 567; x_wconf 85' lang='lat' dir='ltr'>instar</span> 
     </span>
     <span class='ocr_line' id='line_1_3' title="bbox 99 601 884 682; baseline 0.003 -19"><span class='ocrx_word' id='word_1_13' title='bbox 99 603 235 681; x_wconf 81' lang='lat' dir='ltr'>ingentis</span> <span class='ocrx_word' id='word_1_14' title='bbox 248 602 346 679; x_wconf 81' lang='lat' dir='ltr'>clipei.</span> <span class='ocrx_word' id='word_1_15' title='bbox 387 601 481 678; x_wconf 79' lang='lat' dir='ltr'>quidl</span> <span class='ocrx_word' id='word_1_16' title='bbox 501 612 562 659; x_wconf 90' lang='lat' dir='ltr'>non</span> <span class='ocrx_word' id='word_1_17' title='bbox 577 602 763 661; x_wconf 82' lang='lat' dir='ltr'>haecomnia</span> <span class='ocrx_word' id='word_1_18' title='bbox 776 624 884 682; x_wconf 81' lang='lat' dir='ltr'>magno</span> 
     </span>
    </p>

    <p class='ocr_par' dir='ltr' id='par_1_3' title="bbox 99 683 818 760">
     <span class='ocr_line' id='line_1_4' title="bbox 99 683 818 760; baseline 0.001 -1"><span class='ocrx_word' id='word_1_19' title='bbox 99 701 151 759; x_wconf 82' lang='lat' dir='ltr'>Sol</span> <span class='ocrx_word' id='word_1_20' title='bbox 166 700 252 757; x_wconf 89' lang='lat' dir='ltr'>videt</span> <span class='ocrx_word' id='word_1_21' title='bbox 266 718 282 756; x_wconf 87' lang='lat' dir='ltr'>e</span> <span class='ocrx_word' id='word_1_22' title='bbox 296 698 399 757; x_wconf 80' lang='lat' dir='ltr'>caelol</span> <span class='ocrx_word' id='word_1_23' title='bbox 419 683 484 756; x_wconf 75' lang='lat' dir='ltr'>Soli</span> <span class='ocrx_word' id='word_1_24' title='bbox 495 704 598 756; x_wconf 90' lang='lat' dir='ltr'>tamen</span> <span class='ocrx_word' id='word_1_25' title='bbox 610 701 716 759; x_wconf 86' lang='lat' dir='ltr'>unicus</span> <span class='ocrx_word' id='word_1_26' title='bbox 729 702 818 760; x_wconf 76' lang='lat' dir='ltr'>orbis</span> 
     </span>
    </p>

    <p class='ocr_par' dir='ltr' id='par_1_4' title="bbox 98 796 942 880">
     <span class='ocr_line' id='line_1_5' title="bbox 98 796 942 880; baseline 0.007 -25"><span class='ocrx_word' id='word_1_27' title='bbox 98 798 187 868; x_wconf 88' lang='lat' dir='ltr'>adde,</span> <span class='ocrx_word' id='word_1_28' title='bbox 202 796 283 872; x_wconf 91' lang='lat' dir='ltr'>quod</span> <span class='ocrx_word' id='word_1_29' title='bbox 296 796 329 852; x_wconf 91' lang='lat' dir='ltr'>in</span> <span class='ocrx_word' id='word_1_30' title='bbox 342 800 444 852; x_wconf 89' lang='lat' dir='ltr'>vestro</span> <span class='ocrx_word' id='word_1_31' title='bbox 458 797 576 871; x_wconf 84' lang='lat' dir='ltr'>genitor</span> <span class='ocrx_word' id='word_1_32' title='bbox 589 815 673 855; x_wconf 89' lang='lat' dir='ltr'>meus</span> <span class='ocrx_word' id='word_1_33' title='bbox 686 817 812 876; x_wconf 91' lang='lat' dir='ltr'>aequore</span> <span class='ocrx_word' id='word_1_34' title='bbox 826 809 942 880; x_wconf 83' lang='lat' dir='ltr'>regnat.</span> 
     </span>
    </p>

    <p class='ocr_par' dir='ltr' id='par_1_5' title="bbox 100 892 1044 1067">
     <span class='ocr_line' id='line_1_6' title="bbox 100 892 1044 976; baseline 0.01 -25"><span class='ocrx_word' id='word_1_35' title='bbox 100 894 181 951; x_wconf 91' lang='lat' dir='ltr'>hunc</span> <span class='ocrx_word' id='word_1_36' title='bbox 194 893 254 950; x_wconf 90' lang='lat' dir='ltr'>tibi</span> <span class='ocrx_word' id='word_1_37' title='bbox 268 892 307 950; x_wconf 90' lang='lat' dir='ltr'>do</span> <span class='ocrx_word' id='word_1_38' title='bbox 320 910 463 949; x_wconf 87' lang='lat' dir='ltr'>socerum.</span> <span class='ocrx_word' id='word_1_39' title='bbox 485 897 608 948; x_wconf 87' lang='lat' dir='ltr'>tantum</span> <span class='ocrx_word' id='word_1_40' title='bbox 621 895 762 954; x_wconf 86' lang='lat' dir='ltr'>miserere</span> <span class='ocrx_word' id='word_1_41' title='bbox 775 917 934 976; x_wconf 88' lang='lat' dir='ltr'>precesque</span> <span class='ocrx_word' id='word_1_42' title='bbox 1009 921 1044 969; x_wconf 78' lang='lat'>⁸55</span> 
     </span>
     <span class='ocr_line' id='line_1_7' title="bbox 100 987 868 1067; baseline 0.008 -19"><span class='ocrx_word' id='word_1_43' title='bbox 100 990 244 1067; x_wconf 88' lang='lat' dir='ltr'>supplicis</span> <span class='ocrx_word' id='word_1_44' title='bbox 257 987 384 1046; x_wconf 80' lang='lat' dir='ltr'><strong>exaudi:</strong></span> <span class='ocrx_word' id='word_1_45' title='bbox 405 988 464 1044; x_wconf 88' lang='lat' dir='ltr'>tibi</span> <span class='ocrx_word' id='word_1_46' title='bbox 478 988 558 1045; x_wconf 87' lang='lat' dir='ltr'>enim</span> <span class='ocrx_word' id='word_1_47' title='bbox 573 992 791 1051; x_wconf 78' lang='lat' dir='ltr'><strong>succumbimus</strong></span> <span class='ocrx_word' id='word_1_48' title='bbox 805 996 868 1055; x_wconf 89' lang='lat' dir='ltr'>uni.</span> 
     </span>
    </p>

    <p class='ocr_par' dir='ltr' id='par_1_6' title="bbox 99 1085 991 1257">
     <span class='ocr_line' id='line_1_8' title="bbox 99 1085 991 1167; baseline 0.01 -22"><span class='ocrx_word' id='word_1_49' title='bbox 99 1090 211 1165; x_wconf 90' lang='lat' dir='ltr'>quique</span> <span class='ocrx_word' id='word_1_50' title='bbox 225 1086 330 1145; x_wconf 89' lang='lat' dir='ltr'>Iovem</span> <span class='ocrx_word' id='word_1_51' title='bbox 340 1091 372 1144; x_wconf 89' lang='lat' dir='ltr'>et</span> <span class='ocrx_word' id='word_1_52' title='bbox 381 1085 497 1144; x_wconf 86' lang='lat' dir='ltr'>caelum</span> <span class='ocrx_word' id='word_1_53' title='bbox 505 1105 612 1163; x_wconf 79' lang='lat' dir='ltr'>sperno</span> <span class='ocrx_word' id='word_1_54' title='bbox 626 1094 657 1145; x_wconf 92' lang='lat' dir='ltr'>et</span> <span class='ocrx_word' id='word_1_55' title='bbox 671 1092 856 1165; x_wconf 75' lang='lat' dir='ltr'>penetrabile</span> <span class='ocrx_word' id='word_1_56' title='bbox 866 1093 991 1167; x_wconf 87' lang='lat' dir='ltr'>fulmen,</span> 
     </span>
     <span class='ocr_line' id='line_1_9' title="bbox 99 1183 856 1257; baseline 0.008 -13"><span class='ocrx_word' id='word_1_57' title='bbox 99 1186 201 1257; x_wconf 84' lang='lat' dir='ltr'>Nerei,</span> <span class='ocrx_word' id='word_1_58' title='bbox 217 1189 248 1242; x_wconf 91' lang='lat' dir='ltr'>te</span> <span class='ocrx_word' id='word_1_59' title='bbox 261 1188 383 1242; x_wconf 81' lang='lat' dir='ltr'>vereor:</span> <span class='ocrx_word' id='word_1_60' title='bbox 403 1189 458 1240; x_wconf 90' lang='lat' dir='ltr'>tua</span> <span class='ocrx_word' id='word_1_61' title='bbox 472 1183 599 1242; x_wconf 81' lang='lat' dir='ltr'><strong>fulmine</strong></span> <span class='ocrx_word' id='word_1_62' title='bbox 612 1187 736 1244; x_wconf 67' lang='lat' dir='ltr'>saevior</span> <span class='ocrx_word' id='word_1_63' title='bbox 741 1188 788 1245; x_wconf 90' lang='lat' dir='ltr'>ira</span> <span class='ocrx_word' id='word_1_64' title='bbox 801 1195 856 1250; x_wconf 86' lang='lat' dir='ltr'>est.</span> 
     </span>
    </p>
   </div>
   <div class='ocr_carea' id='block_1_3' title="bbox 149 1387 929 1457">
    <p class='ocr_par' dir='ltr' id='par_1_7' title="bbox 149 1387 929 1457">
     <span class='ocr_line' id='line_1_10' title="bbox 149 1387 929 1457; baseline 0.006 -18"><span class='ocrx_word' id='word_1_65' title='bbox 149 1389 200 1439; x_wconf 74' lang='lat' dir='ltr'>Hie</span> <span class='ocrx_word' id='word_1_66' title='bbox 216 1388 333 1451; x_wconf 71' lang='lat' dir='ltr'>jeclmasy</span> <span class='ocrx_word' id='word_1_67' title='bbox 351 1387 381 1450; x_wconf 84' lang='lat' dir='ltr'>cf</span> <span class='ocrx_word' id='word_1_68' title='bbox 398 1387 467 1448; x_wconf 67' lang='lat' dir='ltr'>Aea,</span> <span class='ocrx_word' id='word_1_69' title='bbox 488 1402 520 1436; x_wconf 80' lang='lat' dir='ltr'>cu</span> <span class='ocrx_word' id='word_1_70' title='bbox 540 1388 619 1437; x_wconf 81' lang='lat' dir='ltr'>wlwm</span> <span class='ocrx_word' id='word_1_71' title='bbox 637 1389 667 1438; x_wconf 76' lang='lat' dir='ltr'>Ite</span> <span class='ocrx_word' id='word_1_72' title='bbox 686 1391 741 1439; x_wconf 75' lang='lat' dir='ltr'>well</span> <span class='ocrx_word' id='word_1_73' title='bbox 763 1392 788 1441; x_wconf 73' lang='lat' dir='ltr'>ba</span> <span class='ocrx_word' id='word_1_74' title='bbox 807 1395 929 1457; x_wconf 74' lang='lat' dir='ltr'>reccaced.</span> 
     </span>
    </p>
   </div>
   <div class='ocr_carea' id='block_1_4' title="bbox 100 1539 1045 2588">
    <p class='ocr_par' dir='ltr' id='par_1_8' title="bbox 100 1539 861 1617">
     <span class='ocr_line' id='line_1_11' title="bbox 100 1539 861 1617; baseline 0.004 -20"><span class='ocrx_word' id='word_1_75' title='bbox 100 1546 192 1617; x_wconf 90' lang='lat' dir='ltr'>atque</span> <span class='ocrx_word' id='word_1_76' title='bbox 206 1557 261 1615; x_wconf 84' lang='lat' dir='ltr'>ego</span> <span class='ocrx_word' id='word_1_77' title='bbox 275 1541 464 1614; x_wconf 87' lang='lat' dir='ltr'>contemptus</span> <span class='ocrx_word' id='word_1_78' title='bbox 477 1556 572 1595; x_wconf 89' lang='lat' dir='ltr'>essem</span> <span class='ocrx_word' id='word_1_79' title='bbox 585 1539 750 1615; x_wconf 75' lang='lat' dir='ltr'>patientior</span> <span class='ocrx_word' id='word_1_80' title='bbox 763 1541 861 1615; x_wconf 90' lang='lat' dir='ltr'>huius,</span> 
     </span>
    </p>

    <p class='ocr_par' dir='ltr' id='par_1_9' title="bbox 100 1634 1045 1811">
     <span class='ocr_line' id='line_1_12' title="bbox 100 1634 1045 1716; baseline 0.006 -21"><span class='ocrx_word' id='word_1_81' title='bbox 100 1639 126 1695; x_wconf 93' lang='lat' dir='ltr'>si</span> <span class='ocrx_word' id='word_1_82' title='bbox 139 1637 261 1714; x_wconf 80' lang='lat' dir='ltr'>lugeres</span> <span class='ocrx_word' id='word_1_83' title='bbox 275 1653 385 1694; x_wconf 86' lang='lat' dir='ltr'>omnes.</span> <span class='ocrx_word' id='word_1_84' title='bbox 408 1634 459 1692; x_wconf 92' lang='lat' dir='ltr'>sed</span> <span class='ocrx_word' id='word_1_85' title='bbox 473 1655 527 1692; x_wconf 90' lang='lat' dir='ltr'>cur</span> <span class='ocrx_word' id='word_1_86' title='bbox 541 1635 668 1714; x_wconf 73' lang='lat' dir='ltr'>Cyclope</span> <span class='ocrx_word' id='word_1_87' title='bbox 682 1638 801 1716; x_wconf 88' lang='lat' dir='ltr'>repulse</span> <span class='ocrx_word' id='word_1_88' title='bbox 1008 1662 1045 1701; x_wconf 74' lang='lat' dir='ltr'>ceo</span> 
     </span>
     <span class='ocr_line' id='line_1_13' title="bbox 100 1731 899 1811; baseline 0.008 -20"><span class='ocrx_word' id='word_1_89' title='bbox 100 1735 181 1792; x_wconf 86' lang='lat' dir='ltr'>Acin</span> <span class='ocrx_word' id='word_1_90' title='bbox 194 1751 288 1803; x_wconf 89' lang='lat' dir='ltr'>amas,</span> <span class='ocrx_word' id='word_1_91' title='bbox 302 1731 494 1809; x_wconf 80' lang='lat' dir='ltr'>praefersque</span> <span class='ocrx_word' id='word_1_92' title='bbox 507 1734 581 1791; x_wconf 90' lang='lat' dir='ltr'>meis</span> <span class='ocrx_word' id='word_1_93' title='bbox 594 1735 787 1811; x_wconf 81' lang='lat' dir='ltr'>conplexibus</span> <span class='ocrx_word' id='word_1_94' title='bbox 800 1738 899 1797; x_wconf 80' lang='lat' dir='ltr'>Acinl</span> 
     </span>
    </p>

    <p class='ocr_par' dir='ltr' id='par_1_10' title="bbox 101 1828 843 1908">
     <span class='ocr_line' id='line_1_14' title="bbox 101 1828 843 1908; baseline 0.003 -19"><span class='ocrx_word' id='word_1_95' title='bbox 101 1832 153 1889; x_wconf 88' lang='lat' dir='ltr'>ille</span> <span class='ocrx_word' id='word_1_96' title='bbox 166 1836 272 1889; x_wconf 89' lang='lat' dir='ltr'>tamen</span> <span class='ocrx_word' id='word_1_97' title='bbox 285 1828 458 1905; x_wconf 75' lang='lat' dir='ltr'>placeatque</span> <span class='ocrx_word' id='word_1_98' title='bbox 473 1830 531 1887; x_wconf 89' lang='lat' dir='ltr'>sibi</span> <span class='ocrx_word' id='word_1_99' title='bbox 544 1830 718 1908; x_wconf 73' lang='lat' dir='ltr'>placeatque</span> <span class='ocrx_word' id='word_1_100' title='bbox 732 1832 843 1905; x_wconf 87' lang='lat' dir='ltr'>licebit,</span> 
     </span>
    </p>

    <p class='ocr_par' dir='ltr' id='par_1_11' title="bbox 100 1912 880 2005">
     <span class='ocr_line' id='line_1_15' title="bbox 100 1912 880 2005; baseline 0 -20"><span class='ocrx_word' id='word_1_101' title='bbox 100 1927 179 2005; x_wconf 92' lang='lat' dir='ltr'>quod</span> <span class='ocrx_word' id='word_1_102' title='bbox 194 1912 316 1997; x_wconf 86' lang='lat' dir='ltr'>nollem,</span> <span class='ocrx_word' id='word_1_103' title='bbox 331 1924 465 1995; x_wconf 80' lang='lat' dir='ltr'>Galatea,</span> <span class='ocrx_word' id='word_1_104' title='bbox 480 1925 556 1983; x_wconf 87' lang='lat' dir='ltr'>tibi:</span> <span class='ocrx_word' id='word_1_105' title='bbox 577 1927 664 1984; x_wconf 91' lang='lat' dir='ltr'><strong>modo</strong></span> <span class='ocrx_word' id='word_1_106' title='bbox 677 1928 761 2004; x_wconf 89' lang='lat' dir='ltr'>copia</span> <span class='ocrx_word' id='word_1_107' title='bbox 775 1929 880 1987; x_wconf 90' lang='lat' dir='ltr'>detur!</span> 
     </span>
    </p>

    <p class='ocr_par' dir='ltr' id='par_1_12' title="bbox 101 2021 788 2099">
     <span class='ocr_line' id='line_1_16' title="bbox 101 2021 788 2099; baseline 0.003 -17"><span class='ocrx_word' id='word_1_108' title='bbox 101 2025 214 2082; x_wconf 84' lang='lat' dir='ltr'>sentiet</span> <span class='ocrx_word' id='word_1_109' title='bbox 227 2041 292 2080; x_wconf 90' lang='lat' dir='ltr'>esse</span> <span class='ocrx_word' id='word_1_110' title='bbox 306 2021 381 2078; x_wconf 91' lang='lat' dir='ltr'>mihi</span> <span class='ocrx_word' id='word_1_111' title='bbox 396 2026 483 2079; x_wconf 90' lang='lat' dir='ltr'>tanto</span> <span class='ocrx_word' id='word_1_112' title='bbox 497 2041 551 2098; x_wconf 90' lang='lat' dir='ltr'>pro</span> <span class='ocrx_word' id='word_1_113' title='bbox 566 2042 687 2099; x_wconf 89' lang='lat' dir='ltr'>corpore</span> <span class='ocrx_word' id='word_1_114' title='bbox 700 2025 788 2085; x_wconf 87' lang='lat' dir='ltr'>vires.</span> 
     </span>
    </p>

    <p class='ocr_par' dir='ltr' id='par_1_13' title="bbox 100 2119 1042 2297">
     <span class='ocr_line' id='line_1_17' title="bbox 100 2119 1042 2200; baseline 0.004 -20"><span class='ocrx_word' id='word_1_115' title='bbox 100 2123 217 2180; x_wconf 86' lang='lat' dir='ltr'>viscera</span> <span class='ocrx_word' id='word_1_116' title='bbox 229 2121 301 2178; x_wconf 87' lang='lat' dir='ltr'>viva</span> <span class='ocrx_word' id='word_1_117' title='bbox 314 2119 433 2177; x_wconf 90' lang='lat' dir='ltr'>traham</span> <span class='ocrx_word' id='word_1_118' title='bbox 448 2119 624 2195; x_wconf 82' lang='lat' dir='ltr'>divulsaque</span> <span class='ocrx_word' id='word_1_119' title='bbox 638 2123 772 2179; x_wconf 89' lang='lat' dir='ltr'>membra</span> <span class='ocrx_word' id='word_1_120' title='bbox 785 2141 839 2198; x_wconf 89' lang='lat' dir='ltr'>per</span> <span class='ocrx_word' id='word_1_121' title='bbox 852 2143 939 2200; x_wconf 81' lang='lat' dir='ltr'>agros</span> <span class='ocrx_word' id='word_1_122' title='bbox 1006 2144 1042 2192; x_wconf 78' lang='lat'>8⁶⁵</span> 
     </span>
     <span class='ocr_line' id='line_1_18' title="bbox 102 2217 931 2297; baseline 0.001 -20"><span class='ocrx_word' id='word_1_123' title='bbox 102 2238 213 2297; x_wconf 88' lang='lat' dir='ltr'>perque</span> <span class='ocrx_word' id='word_1_124' title='bbox 225 2224 294 2275; x_wconf 87' lang='lat' dir='ltr'>tuas</span> <span class='ocrx_word' id='word_1_125' title='bbox 310 2217 530 2294; x_wconf 84' lang='lat' dir='ltr'>spargam-sic</span> <span class='ocrx_word' id='word_1_126' title='bbox 544 2236 575 2274; x_wconf 92' lang='lat' dir='ltr'>se</span> <span class='ocrx_word' id='word_1_127' title='bbox 589 2217 648 2274; x_wconf 90' lang='lat' dir='ltr'>tibi</span> <span class='ocrx_word' id='word_1_128' title='bbox 661 2219 931 2278; x_wconf 80' lang='lat' dir='ltr'>misceat-undas.</span> 
     </span>
    </p>

    <p class='ocr_par' dir='ltr' id='par_1_14' title="bbox 101 2315 829 2394">
     <span class='ocr_line' id='line_1_19' title="bbox 101 2315 829 2394; baseline 0 -19"><span class='ocrx_word' id='word_1_129' title='bbox 101 2337 171 2376; x_wconf 88' lang='lat' dir='ltr'>uror</span> <span class='ocrx_word' id='word_1_130' title='bbox 185 2317 275 2385; x_wconf 88' lang='lat' dir='ltr'>enim,</span> <span class='ocrx_word' id='word_1_131' title='bbox 289 2315 445 2390; x_wconf 83' lang='lat' dir='ltr'>laesusque</span> <span class='ocrx_word' id='word_1_132' title='bbox 459 2320 616 2372; x_wconf 87' lang='lat' dir='ltr'>exaestuat</span> <span class='ocrx_word' id='word_1_133' title='bbox 630 2317 727 2374; x_wconf 88' lang='lat' dir='ltr'>acrius</span> <span class='ocrx_word' id='word_1_134' title='bbox 741 2317 829 2394; x_wconf 85' lang='lat' dir='ltr'>ignis,</span> 
     </span>
    </p>

    <p class='ocr_par' dir='ltr' id='par_1_15' title="bbox 101 2412 888 2491">
     <span class='ocr_line' id='line_1_20' title="bbox 101 2412 888 2491; baseline 0.001 -19"><span class='ocrx_word' id='word_1_135' title='bbox 101 2432 227 2491; x_wconf 90' lang='lat' dir='ltr'>cumque</span> <span class='ocrx_word' id='word_1_136' title='bbox 240 2412 303 2470; x_wconf 88' lang='lat' dir='ltr'>suis</span> <span class='ocrx_word' id='word_1_137' title='bbox 316 2412 420 2469; x_wconf 89' lang='lat' dir='ltr'>videor</span> <span class='ocrx_word' id='word_1_138' title='bbox 433 2412 612 2469; x_wconf 86' lang='lat' dir='ltr'>translatam</span> <span class='ocrx_word' id='word_1_139' title='bbox 625 2413 742 2471; x_wconf 91' lang='lat' dir='ltr'>viribus</span> <span class='ocrx_word' id='word_1_140' title='bbox 755 2415 888 2473; x_wconf 86' lang='lat' dir='ltr'>Aetnam</span> 
     </span>
    </p>

    <p class='ocr_par' dir='ltr' id='par_1_16' title="bbox 101 2507 858 2588">
     <span class='ocr_line' id='line_1_21' title="bbox 101 2507 858 2588; baseline 0.003 -20"><span class='ocrx_word' id='word_1_141' title='bbox 101 2517 221 2588; x_wconf 88' lang='lat' dir='ltr'>pectore</span> <span class='ocrx_word' id='word_1_142' title='bbox 233 2507 314 2567; x_wconf 81' lang='lat' dir='ltr'>ferre</span> <span class='ocrx_word' id='word_1_143' title='bbox 328 2527 399 2566; x_wconf 92' lang='lat' dir='ltr'>meo.</span> <span class='ocrx_word' id='word_1_144' title='bbox 423 2529 477 2566; x_wconf 91' lang='lat' dir='ltr'>nec</span> <span class='ocrx_word' id='word_1_145' title='bbox 491 2514 534 2580; x_wconf 93' lang='lat' dir='ltr'>tu,</span> <span class='ocrx_word' id='word_1_146' title='bbox 551 2509 685 2582; x_wconf 82' lang='lat' dir='ltr'>Galatea,</span> <span class='ocrx_word' id='word_1_147' title='bbox 700 2512 858 2570; x_wconf 87' lang='lat' dir='ltr'>moveris.’&#39;</span> 
     </span>
    </p>
   </div>
   <div class='ocr_carea' id='block_1_5' title="bbox 99 2707 980 2900">
    <p class='ocr_par' dir='ltr' id='par_1_17' title="bbox 99 2707 980 2900">
     <span class='ocr_line' id='line_1_22' title="bbox 100 2707 980 2771; baseline 0.001 -14"><span class='ocrx_word' id='word_1_148' title='bbox 100 2708 138 2757; x_wconf 75' lang='lat' dir='ltr'>Hc</span> <span class='ocrx_word' id='word_1_149' title='bbox 148 2708 215 2771; x_wconf 79' lang='lat' dir='ltr'>apiae</span> <span class='ocrx_word' id='word_1_150' title='bbox 225 2707 264 2755; x_wconf 72' lang='lat' dir='ltr'>uu</span> <span class='ocrx_word' id='word_1_151' title='bbox 275 2707 357 2756; x_wconf 80' lang='lat' dir='ltr'>lcverc.</span> <span class='ocrx_word' id='word_1_152' title='bbox 395 2707 499 2756; x_wconf 69' lang='lat' dir='ltr'>Galam</span> <span class='ocrx_word' id='word_1_153' title='bbox 511 2708 617 2769; x_wconf 72' lang='lat' dir='ltr'>pluaqee</span> <span class='ocrx_word' id='word_1_154' title='bbox 627 2708 679 2756; x_wconf 77' lang='lat' dir='ltr'>into</span> <span class='ocrx_word' id='word_1_155' title='bbox 690 2708 729 2756; x_wconf 76' lang='lat' dir='ltr'>Ibe</span> <span class='ocrx_word' id='word_1_156' title='bbox 739 2709 804 2770; x_wconf 73' lang='lat' dir='ltr'>deep,</span> <span class='ocrx_word' id='word_1_157' title='bbox 818 2708 860 2757; x_wconf 76' lang='lat' dir='ltr'>but</span> <span class='ocrx_word' id='word_1_158' title='bbox 870 2710 938 2767; x_wconf 72' lang='lat' dir='ltr'>Aea,</span> <span class='ocrx_word' id='word_1_159' title='bbox 951 2724 980 2757; x_wconf 78' lang='lat' dir='ltr'>aa</span> 
     </span>
     <span class='ocr_line' id='line_1_23' title="bbox 99 2771 980 2835; baseline 0 -13"><span class='ocrx_word' id='word_1_160' title='bbox 99 2772 203 2835; x_wconf 67' lang='lat' dir='ltr'>testeae,</span> <span class='ocrx_word' id='word_1_161' title='bbox 217 2771 352 2820; x_wconf 64' lang='lat' dir='ltr'>bombast</span> <span class='ocrx_word' id='word_1_162' title='bbox 364 2772 394 2833; x_wconf 75' lang='lat' dir='ltr'>by</span> <span class='ocrx_word' id='word_1_163' title='bbox 405 2772 444 2820; x_wconf 64' lang='lat' dir='ltr'>aa</span> <span class='ocrx_word' id='word_1_164' title='bbox 454 2774 526 2832; x_wconf 65' lang='lat' dir='ltr'>uiaret</span> <span class='ocrx_word' id='word_1_165' title='bbox 535 2773 598 2820; x_wconf 62' lang='lat' dir='ltr'>aaut</span> <span class='ocrx_word' id='word_1_166' title='bbox 607 2788 625 2820; x_wconf 83' lang='lat' dir='ltr'>a</span> <span class='ocrx_word' id='word_1_167' title='bbox 635 2788 701 2820; x_wconf 80' lang='lat' dir='ltr'>muas</span> <span class='ocrx_word' id='word_1_168' title='bbox 712 2773 741 2833; x_wconf 66' lang='lat' dir='ltr'>(ff</span> <span class='ocrx_word' id='word_1_169' title='bbox 747 2773 810 2822; x_wconf 79' lang='lat' dir='ltr'>recle.</span> <span class='ocrx_word' id='word_1_170' title='bbox 846 2774 896 2822; x_wconf 80' lang='lat' dir='ltr'>Hie</span> <span class='ocrx_word' id='word_1_171' title='bbox 912 2774 980 2822; x_wconf 81' lang='lat' dir='ltr'>blood</span> 
     </span>
     <span class='ocr_line' id='line_1_24' title="bbox 143 2836 932 2900; baseline 0.001 -14"><span class='ocrx_word' id='word_1_172' title='bbox 143 2839 246 2886; x_wconf 73' lang='lat' dir='ltr'>beremae</span> <span class='ocrx_word' id='word_1_173' title='bbox 256 2851 274 2885; x_wconf 82' lang='lat' dir='ltr'>a</span> <span class='ocrx_word' id='word_1_174' title='bbox 284 2837 351 2884; x_wconf 76' lang='lat' dir='ltr'>vicar</span> <span class='ocrx_word' id='word_1_175' title='bbox 361 2836 390 2897; x_wconf 85' lang='lat' dir='ltr'>of</span> <span class='ocrx_word' id='word_1_176' title='bbox 397 2841 480 2896; x_wconf 70' lang='lat' dir='ltr'>water,</span> <span class='ocrx_word' id='word_1_177' title='bbox 494 2837 547 2885; x_wconf 74' lang='lat' dir='ltr'>aad</span> <span class='ocrx_word' id='word_1_178' title='bbox 557 2837 662 2897; x_wconf 80' lang='lat' dir='ltr'>timaelf</span> <span class='ocrx_word' id='word_1_179' title='bbox 669 2837 707 2886; x_wconf 78' lang='lat' dir='ltr'>the</span> <span class='ocrx_word' id='word_1_180' title='bbox 718 2838 763 2899; x_wconf 74' lang='lat' dir='ltr'>qod</span> <span class='ocrx_word' id='word_1_181' title='bbox 774 2838 803 2900; x_wconf 81' lang='lat' dir='ltr'>cs</span> <span class='ocrx_word' id='word_1_182' title='bbox 810 2837 849 2886; x_wconf 79' lang='lat' dir='ltr'>tte</span> <span class='ocrx_word' id='word_1_183' title='bbox 859 2853 932 2887; x_wconf 80' lang='lat' dir='ltr'>same.</span> 
     </span>
    </p>
   </div>
   <div class='ocr_carea' id='block_1_6' title="bbox 99 2984 1040 3258">
    <p class='ocr_par' dir='ltr' id='par_1_18' title="bbox 99 2984 1040 3258">
     <span class='ocr_line' id='line_1_25' title="bbox 99 2984 1040 3061; baseline -0.001 -18"><span class='ocrx_word' id='word_1_184' title='bbox 99 2986 175 3044; x_wconf 88' lang='lat' dir='ltr'>talia</span> <span class='ocrx_word' id='word_1_185' title='bbox 189 2984 368 3061; x_wconf 88' lang='lat' dir='ltr'>nequiquam</span> <span class='ocrx_word' id='word_1_186' title='bbox 381 2990 514 3061; x_wconf 87' lang='lat' dir='ltr'>questus,</span> <span class='ocrx_word' id='word_1_187' title='bbox 528 3004 600 3042; x_wconf 86' lang='lat' dir='ltr'>nam</span> <span class='ocrx_word' id='word_1_188' title='bbox 613 2991 721 3042; x_wconf 88' lang='lat' dir='ltr'>cuncta</span> <span class='ocrx_word' id='word_1_189' title='bbox 735 2987 881 3055; x_wconf 85' lang='lat' dir='ltr'>videbam,</span> <span class='ocrx_word' id='word_1_190' title='bbox 1006 3004 1040 3050; x_wconf 61' lang='lat' dir='ltr'>au</span> 
     </span>
     <span class='ocr_line' id='line_1_26' title="bbox 100 3080 887 3162; baseline -0.005 -19"><span class='ocrx_word' id='word_1_191' title='bbox 100 3084 210 3162; x_wconf 80' lang='lat' dir='ltr'>surgit,</span> <span class='ocrx_word' id='word_1_192' title='bbox 224 3087 256 3139; x_wconf 91' lang='lat' dir='ltr'>et</span> <span class='ocrx_word' id='word_1_193' title='bbox 270 3087 306 3139; x_wconf 90' lang='lat' dir='ltr'>ut</span> <span class='ocrx_word' id='word_1_194' title='bbox 319 3086 426 3140; x_wconf 87' lang='lat' dir='ltr'>taurus</span> <span class='ocrx_word' id='word_1_195' title='bbox 440 3100 529 3139; x_wconf 85' lang='lat' dir='ltr'>vacca</span> <span class='ocrx_word' id='word_1_196' title='bbox 543 3080 725 3140; x_wconf 81' lang='lat' dir='ltr'>furibundus</span> <span class='ocrx_word' id='word_1_197' title='bbox 739 3083 887 3160; x_wconf 87' lang='lat' dir='ltr'>adempta,</span> 
     </span>
     <span class='ocr_line' id='line_1_27' title="bbox 99 3179 847 3258; baseline -0.005 -19"><span class='ocrx_word' id='word_1_198' title='bbox 99 3188 183 3239; x_wconf 89' lang='lat' dir='ltr'>stare</span> <span class='ocrx_word' id='word_1_199' title='bbox 198 3180 303 3256; x_wconf 88' lang='lat' dir='ltr'>nequit</span> <span class='ocrx_word' id='word_1_200' title='bbox 317 3179 452 3258; x_wconf 88' lang='lat' dir='ltr'>silvaque</span> <span class='ocrx_word' id='word_1_201' title='bbox 465 3183 497 3236; x_wconf 92' lang='lat' dir='ltr'>et</span> <span class='ocrx_word' id='word_1_202' title='bbox 510 3179 592 3238; x_wconf 87' lang='lat' dir='ltr'>notis</span> <span class='ocrx_word' id='word_1_203' title='bbox 606 3180 735 3238; x_wconf 87' lang='lat' dir='ltr'>saltibus</span> <span class='ocrx_word' id='word_1_204' title='bbox 749 3186 847 3238; x_wconf 89' lang='lat' dir='ltr'>errat:</span> 
     </span>
    </p>
   </div>
   <div class='ocr_carea' id='block_1_7' title="bbox 222 3320 907 3479">
    <p class='ocr_par' dir='ltr' id='par_1_19' title="bbox 222 3320 907 3479">
     <span class='ocr_line' id='line_1_28' title="bbox 222 3320 857 3386; baseline 0.002 -15"><span class='ocrx_word' id='word_1_205' title='bbox 222 3321 270 3371; x_wconf 77' lang='lat'>852</span> <span class='ocrx_word' id='word_1_206' title='bbox 287 3334 393 3385; x_wconf 82' lang='lat' dir='ltr'>magnus</span> <span class='ocrx_word' id='word_1_207' title='bbox 403 3320 433 3372; x_wconf 81' lang='lat' dir='ltr'>a.</span> <span class='ocrx_word' id='word_1_208' title='bbox 557 3322 602 3370; x_wconf 87' lang='grc'>861</span> <span class='ocrx_word' id='word_1_209' title='bbox 620 3321 778 3386; x_wconf 85' lang='lat' dir='ltr'>amplexibus</span> <span class='ocrx_word' id='word_1_210' title='bbox 790 3322 857 3372; x_wconf 73' lang='lat' dir='ltr'>ua.</span> 
     </span>
     <span class='ocr_line' id='line_1_29' title="bbox 847 3422 907 3479; baseline 0 0"><span class='ocrx_word' id='word_1_211' title='bbox 847 3438 868 3479; x_wconf 89' lang='lat'>1&gt;</span> <span class='ocrx_word' id='word_1_212' title='bbox 889 3422 907 3479; x_wconf 79' lang='lat'>2</span> 
     </span>
    </p>
   </div>
   <div class='ocr_carea' id='block_1_8' title="bbox 0 6 1166 3848">
    <p class='ocr_par' dir='ltr' id='par_1_20' title="bbox 0 6 1166 3848">
     <span class='ocr_line' id='line_1_30' title="bbox 0 6 1166 3848; baseline 0 0"><span class='ocrx_word' id='word_1_213' title='bbox 0 6 1166 3848; x_wconf 95' lang='lat' dir='ltr'> </span> 
     </span>
    </p>
   </div>
  </div>
 </body>
</html>
