2322 3848
401 346 530 405 LIBER
558 348 652 407 XIII.
942 355 959 412 3

45 475 170 554 optima
180 495 255 533 num
268 481 378 544 sumat,
392 476 464 553 quia
477 495 593 535 sumere
607 478 706 537 noluit
720 480 802 541 ullat
975 515 1000 551 40

47 593 107 632 nos
120 572 295 630 inhonorati
309 578 340 630 et
354 572 441 632 donis
455 575 642 651 patruelibus
656 578 729 649 orbi,

47 668 218 728 obtulimus
232 669 303 746 quia
316 689 371 727 nos
385 669 422 726 ad
437 670 534 746 prima
549 672 689 748 pericula,
705 674 816 733 eimust

51 859 105 909 wa
120 860 197 922 precs
209 859 289 921 ey'tts
304 859 430 921 treachery
446 859 499 908 aad
512 860 642 910 chamelaea
656 864 794 925 mwardrte,
813 865 865 914 aad
881 865 934 915 tow

216 924 286 986 Ajax
296 925 369 973 soem
379 924 434 972 tim
445 924 516 974 wlcan
526 925 556 973 te
566 941 618 975 was
629 927 679 976 like
690 932 713 977 tc
723 928 771 978 dia

46 1044 144 1117 atque
159 1039 275 1098 utinam
289 1045 343 1098 aut
356 1059 445 1098 verus
459 1040 545 1098 iurcr
557 1041 619 1113 ille,
634 1046 688 1099 aut
702 1042 833 1100 creditus
847 1048 935 1115 esset,

47 1157 105 1196 nec
118 1157 216 1196 comes
230 1137 279 1196 hic
292 1137 441 1215 Phrygias
456 1158 596 1214 umquam
610 1138 742 1196 venisset
757 1138 793 1196 ad
809 1159 890 1198 arces

46 1234 190 1292 hortator
203 1234 365 1293 sceleruml
389 1254 449 1292 non
463 1240 504 1306 te,
518 1235 664 1292 Poeantia
678 1235 785 1312 proles,
972 1269 995 1305 ⁴⁵

46 1330 219 1408 expositum
233 1330 361 1388 Lemnos
376 1335 479 1388 nostro
492 1349 559 1388 oum
573 1329 697 1389 crimine
711 1330 852 1390 haberet:

46 1426 101 1503 qui
115 1446 204 1497 nunc,
219 1432 255 1484 ut
268 1431 442 1496 memorant,
457 1426 647 1485 silvestribus
660 1428 781 1486 abditus
795 1430 891 1488 antris

47 1541 124 1580 saxa
136 1542 238 1581 moves
252 1522 376 1599 gemitu,
390 1522 626 1600 Latrtiadaeque
639 1524 767 1600 precaris

46 1639 125 1697 quae
138 1619 267 1692 meruit;
287 1638 371 1695 quae,
386 1618 411 1676 si
426 1619 458 1677 di
472 1625 553 1690 sunt,
568 1640 629 1678 non
642 1641 720 1678 vana
734 1623 869 1698 precaris.

47 1722 82 1775 et
94 1735 175 1774 nunc
187 1715 240 1774 ille
254 1716 357 1773 eadem
370 1715 456 1773 nobis
474 1715 592 1774 iuratus
606 1717 638 1774 in
652 1737 743 1788 arma,
970 1753 995 1788 50

47 1812 124 1869 heu!
149 1831 219 1888 pars
232 1811 287 1869 illa
301 1812 418 1882 ducum,
431 1831 490 1888 quo
505 1831 669 1871 successore
684 1815 813 1891 sagittae

48 1909 192 1968 Herculis
205 1913 345 1979 utuntur,
359 1907 474 1989 fractus
488 1910 647 1987 morboque
661 1911 797 1988 fameque

46 2005 226 2081 velaturque
240 2004 391 2081 aliturque
405 2003 521 2076 avibus,
536 2005 730 2083 volucresque
744 2008 872 2084 petendo
947 2040 955 2056 ο

46 2102 150 2162 debita
163 2100 301 2160 Troianis
317 2105 436 2158 exercet
449 2100 563 2177 spicula
576 2101 657 2161 fatis.

47 2199 98 2258 ille
111 2205 215 2258 tamen
229 2196 317 2268 vivit,
331 2196 402 2272 quia
416 2213 477 2253 non
491 2198 648 2256 comitavit
662 2200 793 2259 Ulixen:
968 2236 990 2272 55

47 2295 152 2353 mallet
165 2299 196 2353 et
209 2292 318 2351 infelix
331 2293 505 2353 Palamedes
519 2313 583 2352 esse
596 2295 728 2354 relictus.

46 2391 163 2449 viveret
176 2395 231 2447 aut
243 2393 325 2447 certe
338 2389 434 2447 letum
448 2388 514 2449 sine
526 2389 650 2448 erimine
665 2392 797 2452 haberet.

45 2507 133 2564 quem
147 2486 225 2543 male
238 2485 369 2544 convicti
383 2486 509 2543 nimium
522 2506 635 2545 memor
648 2488 706 2546 iste
719 2488 829 2548 iuroris
942 2544 944 2549 .

45 2584 171 2661 prodere
184 2602 247 2640 rem
260 2583 397 2640 Danaam
411 2583 509 2653 finxit,
524 2584 684 2660 fictumque
698 2586 837 2662 probavit

45 2681 158 2741 crimen
171 2683 202 2736 et
216 2677 359 2749 ostendit,
373 2678 452 2756 quod
466 2679 526 2736 iam
540 2680 738 2756 praefoderat,
754 2703 867 2743 aurum.
964 2708 990 2747 ⁶0

12 2780 15 2783 ’
44 2798 115 2857 ergo
128 2781 183 2833 aut
196 2775 287 2834 exilio
300 2776 380 2834 vires
394 2776 540 2835 subduxit
554 2778 690 2850 Achivis,

45 2882 99 2934 aut
111 2893 200 2933 nece:
222 2873 265 2932 sic
278 2877 403 2953 pugnat,
418 2872 466 2931 sic
475 2878 522 2931 est
536 2875 715 2934 metuendus
729 2877 845 2938 Ulixes.
900 2917 903 2924 ·

43 2974 96 3052 qui
109 2972 182 3031 licet
194 2970 311 3049 eloquio
324 2970 418 3029 fidum
430 2972 546 3048 quoque
559 2972 690 3032 Nestora
703 2973 814 3046 vincat,

45 3070 124 3129 haud
139 3075 242 3128 tamen
254 3068 369 3140 efficiet,
383 3068 535 3126 desertum
548 3076 584 3128 ut
597 3071 728 3131 Nestora
741 3072 852 3131 crimen
938 3116 939 3121 κ

44 3186 107 3227 esse
120 3186 192 3225 rear
200 3165 326 3224 nullum.
355 3166 406 3243 qui
420 3186 487 3224 cum
500 3167 674 3244 imploraret
688 3170 802 3229 Ulixen
962 3193 987 3245 ⁶3

250 3297 277 3345 ⁵1
296 3311 353 3361 pars
364 3311 414 3344 una
425 3295 494 3344 M.
604 3297 633 3349 57
651 3300 734 3347 omae
745 3299 781 3351 M.

809 3407 828 3448 a
849 3394 866 3449 2
