2330 3846
404 330 526 389 LIBER
555 330 637 389 XIV.
900 332 937 391 67

51 549 932 614 Iamqamcsaacldwemateuacaoatartuthaaaamplaos

287 613 682 677 tluaimtlwmellaacooflcva
779 647 781 650 <

50 757 97 816 ille
112 757 207 816 etiam
220 756 302 834 picta
315 754 476 815 redimitus
489 760 626 834 tempora
637 757 739 828 mitra,

49 854 183 913 innitens
196 851 313 925 baculo,
327 851 436 929 positis
450 871 504 929 per
517 858 652 932 tempora
666 854 759 924 canis,
957 876 992 924 a„

50 949 244 1010 adsimulavit
257 968 359 1019 anum,
374 948 531 1027 cultosque
546 951 675 1008 intravit
689 951 722 1008 in
735 951 848 1021 hortos,

50 1065 193 1123 pomaque
206 1045 316 1103 mirata
326 1049 379 1103 est.
398 1044 520 1103 ‘tanto'
535 1065 593 1122 que
608 1048 780 1123 ‘potentior
791 1049 797 1105 Ι
809 1044 817 1072 ’
831 1047 939 1125 inquit,

50 1164 200 1220 paucaque
214 1143 355 1201 laudatae
370 1143 454 1201 dedit
468 1144 578 1215 oscula,
593 1144 694 1219 qualia
708 1164 871 1221 numquam

49 1259 117 1299 vera
134 1240 266 1298 dedisset
280 1259 375 1297 anus:
396 1239 563 1317 glaebaque
580 1239 706 1298 incurva
718 1241 839 1313 resedit,
890 1261 892 1267 '

50 1335 212 1416 suspiciens
225 1336 341 1412 pandos
355 1336 496 1393 autumni
510 1336 641 1413 pondere
654 1356 761 1395 ramos.
957 1359 994 1395 aa,

49 1433 148 1491 ulmus
162 1438 227 1490 erat
241 1436 346 1489 contra
361 1431 494 1508 speciosa
509 1431 679 1490 nitentibus
693 1432 778 1490 uvis:

49 1549 135 1606 quam
151 1531 230 1588 socia
242 1535 402 1606 postquam
415 1527 530 1606 pariter
543 1547 611 1586 cum
624 1529 688 1587 vite
701 1530 850 1606 probavit,

50 1631 95 1685 ‘at
108 1626 137 1685 si
152 1626 265 1684 staret'
279 1624 325 1682 ait
340 1623 473 1682 ‘caelebs
487 1623 552 1682 sine
565 1624 691 1700 palmite
704 1630 839 1696 truncus,

48 1723 88 1780 nil
102 1728 225 1802 praeter
238 1721 369 1791 frondes,
384 1739 477 1798 quare
490 1725 652 1798 peteretur,
668 1721 801 1781 haberet.

47 1817 117 1878 haec
130 1837 258 1897 quoque,
274 1837 350 1896 quae
363 1817 468 1876 iuncta
481 1817 555 1876 vitis
570 1817 731 1894 requiescit
745 1819 777 1877 in
792 1820 882 1892 ulmo,
957 1841 993 1889 ⁶⁶⁵

47 1915 147 1976 sinon
161 1921 258 1993 nupta
271 1913 360 1986 foret,
374 1919 474 1972 terrae
487 1914 637 1973 acclinata
656 1915 777 1975 iaceret.

47 2017 79 2070 tu
92 2018 198 2071 tamma
212 2011 348 2089 exemplo
361 2030 423 2069 non
437 2011 573 2089 tangeris
586 2010 705 2070 arboris
718 2012 818 2082 huius,

44 2110 281 2187 concubitusque
293 2108 383 2186 iugis,
399 2127 454 2166 nec
467 2113 499 2167 te
513 2108 693 2186 coniungere
707 2128 801 2168 curas.

45 2317 81 2367 Ha
103 2319 163 2369 tolla
183 2317 228 2367 her
250 2317 304 2366 tow
324 2330 404 2378 many
424 2329 469 2365 are
490 2314 535 2364 har
558 2315 658 2373 cadara,
682 2329 773 2376 amour
796 2312 876 2362 atam
902 2313 931 2362 lu

224 2381 363 2444 carmiaqu
381 2379 519 2431 cammada
536 2382 560 2429 to
579 2379 624 2428 aer
642 2378 751 2440 tameat

41 2539 136 2610 atque
150 2532 268 2588 utinam
282 2529 393 2587 velles!
415 2526 533 2586 Helene
546 2547 608 2585 non
621 2526 760 2604 pluribus
775 2530 855 2586 esset

40 2629 211 2688 sollicitata
223 2626 330 2706 procis,
344 2645 399 2684 nec
411 2644 488 2702 quae
502 2624 660 2702 Lapitheia
673 2623 770 2681 movit
959 2644 995 2691 σφα

39 2726 169 2802 proelia,
184 2745 238 2783 nec
253 2725 385 2782 coniunx
398 2721 526 2781 nimium
539 2719 692 2778 tardantis
706 2718 819 2779 Ulixis.

37 2845 123 2883 nunc
138 2842 267 2901 quoque,
279 2841 348 2881 cum
362 2818 463 2897 fugias
476 2817 680 2896 merearisque
694 2823 841 2895 petentes,

36 2923 127 2981 mille
140 2920 203 2980 viri
216 2921 343 2997 cupiunt
356 2924 388 2978 et
402 2915 583 2994 semideique
598 2915 706 2993 deique

103 3076 158 3126 666
176 3073 207 3123 ad
218 3077 297 3138 temp.
309 3072 346 3124 M.
512 3073 559 3122 658
576 3069 696 3135 pluraque
707 3068 822 3121 laudatae
833 3085 869 3120 ac.
881 3070 917 3120 M.

103 3143 159 3191 662
176 3088 288 3215 cenaptap
287 3152 333 3202 pos
381 3152 422 3186 am
432 3135 529 3213 pariter
536 3137 632 3186 virtute
645 3135 681 3188 M.

103 3204 159 3256 666
176 3203 265 3253 iuncta
275 3206 322 3261 ast,
334 3141 399 3252 ttillia
409 3200 562 3278 requiescit'
554 3216 583 3251 ru
593 3199 680 3250 illaR.

102 3272 156 3323 671
176 3266 269 3328 timidi,
284 3272 328 3317 aut
339 3265 440 3317 audacis
450 3267 487 3316 M.

818 3359 874 3414 sl
