2322 3848
412 313 553 371 clarc
583 313 677 372 XIII.
907 345 910 351 ·
931 315 968 376 27

79 442 254 501 concutiens
267 448 298 500 et
311 441 411 499 tristis
423 443 484 499 ait:
507 446 584 501 ‘non
598 443 722 515 falleris,
737 444 823 503 heros

80 540 226 598 maximea
247 538 351 597 vidisti
366 544 505 596 natorum
517 540 648 616 quinque
662 546 825 617 parentem,
986 559 1022 609 ⁶⁴⁵

79 655 168 713 quem
181 654 270 707 nunc,
284 640 373 693 tanta
387 635 521 694 homines
534 655 635 694 rerum
649 639 852 695 inconstantia
863 643 970 709 versat,

79 752 173 809 paene
185 733 270 791 vides
283 731 396 790 orbum.
438 733 516 808 quod
530 732 611 790 enim
623 734 697 791 mihi
711 735 790 792 filius
803 735 911 793 absens

80 829 236 897 auxilium,
251 847 338 905 quem
352 828 433 885 dicta
446 847 500 886 suo
514 829 683 888 denomino
697 830 790 889 tellus

80 927 203 985 Andros
216 925 315 995 habet,
330 944 383 1001 pro
393 929 478 1001 patre
487 924 641 1003 locumque
651 932 682 983 et
695 945 788 1003 regna
797 929 970 985 tenenteml

80 1021 187 1080 Delius
199 1021 358 1097 augurium
372 1021 455 1078 dedit
469 1021 557 1078 huic:
579 1022 663 1079 dedit
676 1022 772 1079 altera
786 1022 876 1081 Liber
988 1051 1027 1101 ⁶⁵0

81 1117 227 1176 femineae
240 1117 328 1193 stirpi
341 1122 412 1175 voto
425 1118 538 1174 maiora
551 1118 666 1195 fideque

81 1232 213 1272 munera.
256 1232 326 1270 nam
340 1218 425 1270 tactu
438 1217 579 1271 natarum
592 1219 700 1271 cuncta
714 1233 846 1272 mearum

81 1311 111 1369 in
125 1316 258 1387 segetem
271 1310 447 1386 laticemque
460 1310 534 1368 meri
548 1331 697 1388 canaeque
712 1312 868 1371 Minervae

81 1409 383 1479 transformabantur,
398 1409 539 1484 divesque
553 1415 618 1467 erat
632 1429 704 1467 usus
718 1410 834 1469 inillis.

81 1508 135 1565 hoc
148 1506 203 1564 ubi
215 1505 355 1582 cognovit
367 1504 473 1562 Troiae
486 1505 645 1581 populator
658 1506 792 1577 Atrides,
987 1528 1024 1577 ος,

81 1623 117 1662 ne
131 1622 193 1662 uon
206 1596 243 1660 ex
256 1601 356 1677 aliqua
369 1606 500 1659 vestram
514 1602 641 1660 sensisse
653 1603 812 1679 procellam

80 1719 134 1759 nos
147 1717 264 1777 quoque
277 1702 362 1773 parte
375 1702 471 1773 putes,
486 1716 636 1754 armorum
649 1699 765 1756 viribus
778 1718 850 1757 usus

80 1794 231 1854 abstrahit
245 1795 357 1851 invitas
370 1794 481 1870 gremio
500 1794 653 1870 genitoris,
668 1795 810 1871 alantque

80 1892 208 1969 imperat
221 1890 394 1967 Argolicam
407 1891 527 1948 caelesti
541 1910 662 1950 munere
675 1892 808 1950 classem.

80 1987 230 2067 effugiunt
242 2007 300 2064 quo
314 2006 446 2063 quaeque
458 1993 575 2063 potest:
597 1989 718 2047 Euboea
733 1989 857 2062 duabus,
984 2006 1021 2049 cao

81 2090 112 2142 et
124 2084 253 2143 totidem
266 2084 347 2141 natis
360 2083 482 2140 Andros
495 2082 630 2141 fraterna
643 2086 739 2160 petita
753 2091 806 2145 est.

81 2181 166 2240 miles
180 2181 265 2239 adest
280 2185 320 2251 et,
334 2180 367 2237 ni
381 2179 536 2251 dedantur,
552 2180 633 2243 bella
646 2182 786 2239 minatur.

81 2279 163 2337 victa
175 2283 259 2334 metu
272 2277 369 2352 pietas
381 2277 531 2333 consortia
544 2281 664 2352 pectora
676 2297 788 2354 poenae

82 2374 206 2433 dedidit.
247 2378 280 2431 et
291 2372 398 2430 timido
412 2373 506 2448 possis
520 2373 671 2449 ignoscere
683 2373 790 2431 fratri:

82 2491 141 2529 non
156 2471 205 2528 hic
218 2471 343 2541 Aeneas,
359 2489 428 2540 non,
443 2468 494 2545 qui
509 2469 683 2527 defenderet
695 2470 832 2544 Andron,
986 2491 1023 2540 aas

82 2567 198 2625 Hector
211 2571 284 2637 erat,
298 2584 451 2642 perquem
464 2565 611 2623 decimum
624 2566 755 2623 durastis
769 2567 800 2623 in
815 2587 934 2626 annum.

81 2664 199 2740 iamque
213 2662 396 2738 parabantur
408 2661 535 2736 captivis
548 2661 649 2719 vincla
662 2661 799 2719 lacertis:

81 2760 151 2818 illae
165 2759 307 2817 tollentes
320 2760 484 2816 etiamnum
498 2758 591 2816 libera
604 2758 685 2815 caelo

81 2855 219 2914 bracchia
237 2858 253 2885 “
262 2854 375 2911 Bacche
388 2860 481 2929 pater,
494 2853 541 2911 fer
555 2856 657 2929 opeml
666 2855 681 2880 ’¹
697 2855 805 2913 dixere.
838 2856 968 2931 tulitque

81 2952 213 3009 muneris
227 2956 331 3008 auctor
344 2969 427 3026 opem
440 2970 447 3007 z
469 2950 494 3007 si
507 2950 582 3006 miro
595 2950 718 3026 perdere
730 2970 811 3008 more
985 2972 1022 3020 σφα

81 3049 159 3107 ferre
173 3052 297 3105 vocatur
311 3066 402 3123 opem.
445 3066 499 3104 nec
512 3067 571 3122 qua
583 3047 699 3104 ratione
714 3046 839 3123 figuram

82 3145 276 3222 perdiderint,
290 3143 375 3221 potui
389 3144 462 3201 scire
476 3149 528 3200 aut
542 3163 622 3200 nunc
640 3143 736 3200 dicere
750 3162 888 3220 possum:

197 3287 245 3337 653
262 3285 396 3351 bacamque
409 3285 470 3335 Min.
485 3285 520 3335 M.
655 3288 701 3336 663
718 3302 818 3352 corpora
831 3288 860 3338 a.
