2330 3846
416 320 538 379 LIBER
567 320 648 379 XIV.
912 323 949 381 67

63 539 775 604 ΙηΜωριιὼιΜαιιοΜιοοωιιΙιιΜιΙιωΙιινΜΜιι
791 544 944 605 exemplati!

299 603 694 667 taummmzemoszova
791 637 793 641 -

61 745 110 804 ille
124 746 219 804 etiam
232 746 314 824 piata
327 744 489 804 redimitus
501 750 637 825 tempora
649 747 752 818 mitra,

60 843 194 902 innitens
208 842 325 915 baculo,
339 841 447 919 positis
462 861 516 920 per
528 848 664 922 tempora
677 845 771 915 canis,
969 867 1004 914 a„

60 940 256 999 adsimulavit
269 959 371 1010 anum,
386 939 542 1017 cultosque
557 941 687 999 intravit
701 942 734 998 in
747 942 860 1012 hortos,

60 1056 204 1113 pomaque
218 1034 328 1093 mirata
338 1040 391 1094 est.
410 1034 532 1093 ‘tanto'
547 1055 605 1113 que
619 1038 791 1114 ‘potentior
802 1039 809 1095 Ι
820 1034 829 1062 ’
842 1037 951 1116 inquit,

60 1154 212 1210 paucaque
226 1133 367 1191 laudatae
381 1133 466 1191 dedit
480 1134 589 1205 oscula,
604 1134 706 1210 qualia
719 1155 883 1213 numquam

21 1280 22 1283 ,
59 1250 127 1289 vera
143 1230 278 1288 dedisset
291 1249 386 1287 anus:
408 1229 574 1307 glaebaque
592 1229 717 1289 incurva
730 1232 851 1304 resedit,
902 1252 904 1258 '

60 1326 224 1405 suspiciens
237 1327 353 1402 pandos
367 1327 507 1383 autumni
522 1327 652 1403 pondere
666 1347 773 1386 ramos.
969 1349 1005 1386 ιιι

59 1423 158 1481 ulmus
173 1428 238 1480 erat
252 1427 358 1480 contra
372 1421 506 1497 speciosa
520 1421 691 1480 nitentibus
705 1423 790 1482 uvis:

58 1540 145 1596 quam
162 1521 241 1578 socia
255 1525 414 1597 postquam
427 1518 541 1596 pariter
554 1538 622 1576 aum
635 1519 699 1577 vite
713 1521 862 1597 probavit,

59 1617 146 1675 ‘atsi
163 1616 277 1674 staret'
291 1615 337 1672 ait
351 1614 484 1672 ‘caelebs
498 1614 563 1672 sine
576 1614 702 1690 palmite
715 1622 850 1688 truncus,

58 1713 99 1770 nil
113 1718 236 1791 praeter
249 1711 381 1781 frondes,
395 1730 488 1788 quare
501 1715 664 1788 peteretur,
679 1712 812 1772 haberat.

57 1808 127 1869 haee
140 1829 270 1887 quoque,
285 1827 362 1886 quae
375 1807 479 1866 iuncta
492 1807 567 1866 vitis
581 1808 742 1885 requiescit
756 1809 789 1867 in
803 1809 893 1882 ulmo,
968 1831 1004 1880 ⁶⁶⁵

57 1906 158 1966 sinon
173 1911 269 1982 nupta
282 1903 371 1976 foret,
386 1908 485 1963 terrae
499 1904 648 1963 acclinata
667 1906 789 1966 iaceret.

55 2008 89 2061 tu
101 2008 210 2061 tamen
223 2001 359 2078 exemplo
373 2020 435 2059 non
448 2001 584 2079 tangeris
598 2001 716 2060 arboris
730 2003 829 2073 huius,

54 2099 292 2176 soncubitusque
304 2098 395 2176 iugis,
411 2118 465 2156 nee
478 2104 510 2158 te
524 2098 704 2176 coniungere
718 2119 812 2158 auras.

55 2307 91 2359 Ηι
113 2308 175 2359 talla
196 2307 240 2356 har
261 2307 315 2357 tow
336 2320 415 2368 many
435 2320 480 2356 aro
501 2304 546 2354 har
569 2305 669 2363 sadus,
694 2319 784 2367 ammtp
807 2302 887 2352 whom
913 2304 942 2354 lu

236 2372 375 2434 menisgin
392 2370 530 2421 commanda
547 2373 571 2419 to
590 2369 635 2418 uer
653 2368 762 2431 himself.

51 2529 148 2601 atque
162 2521 280 2578 utinam
293 2519 387 2578 velles
398 2521 404 2577 l
425 2517 544 2577 Helene
557 2536 619 2575 non
632 2516 771 2595 pluribus
786 2522 867 2576 esset

51 2619 223 2679 sollicitata
235 2616 341 2696 procis,
355 2634 410 2674 nee
423 2634 499 2693 quae
513 2613 671 2692 Lapitheia
685 2614 781 2672 movit
970 2635 1006 2682 670

50 2716 181 2794 proelia,
196 2734 250 2773 nea
264 2715 396 2772 coniunx
409 2711 537 2771 nimium
550 2709 703 2768 tardantis
717 2710 830 2769 Ulixis.

49 2835 135 2874 nunc
151 2832 277 2890 quoque,
291 2831 359 2871 eum
372 2809 474 2887 fugias
487 2807 691 2885 auerserisque
704 2813 851 2886 petentes,

48 2913 139 2971 mille
153 2910 215 2969 viri
228 2911 353 2987 cupiunt
367 2913 399 2968 et
413 2905 594 2983 semideique
609 2905 716 2983 deique

117 3066 170 3116 655
187 3063 218 3113 ad
229 3067 307 3128 temp.
319 3062 357 3114 Μ.
523 3062 570 3112 658
586 3058 707 3125 pluraque
718 3057 879 3110 laudataeaa.
891 3060 928 3110 Μ

117 3132 171 3181 662
187 3144 260 3194 eomp
261 3079 298 3178 ΜΡ
243 3132 391 3253 ppqatqu
391 3141 433 3177 am
443 3126 540 3204 pariter
547 3125 643 3176 virtute
656 3125 692 3177 Μ.

118 3194 173 3245 665
188 3193 275 3243 innata
285 3196 325 3243 eat
375 3192 410 3243 tis
420 3190 573 3268 requiescit
565 3206 593 3241 ιιι
604 3189 691 3240 illan

118 3263 169 3312 671
187 3256 279 3319 timidi,
294 3263 338 3308 aut
349 3256 450 3307 audacis
461 3256 497 3307 Μ.

829 3349 884 3403 ι2
