2330 3846
199 272 236 333 66
339 273 478 332 OVIDII
505 271 909 334 METAMORPHOSEON

197 403 315 474 inserit,
330 408 362 464 et
376 422 462 463 sueos
475 402 575 462 alieno
589 408 725 482 praestat
737 403 870 462 alumno.

198 520 254 561 nee
266 500 380 561 sentire
394 500 479 560 sitim
492 500 619 579 patitur,
633 499 813 578 bibulaeque
830 519 972 560 recurvae

197 598 307 658 radicis
320 599 411 657 fibras
425 597 599 657 labentibus
612 597 722 676 irrigat
734 598 834 658 undis.

198 695 247 755 hie
260 715 352 769 amor,
368 696 423 755 boo
437 695 580 755 studiuua
603 693 733 755 Veneris
746 713 864 774 quoque
882 694 969 753 nulla
985 694 1097 771 eupido

264 799 321 854 est.

145 910 182 960 ⁶³⁵
196 892 260 951 vim
273 898 376 950 temen
389 895 545 970 agrestum¹
556 895 695 950 metum
708 889 843 969 pomona
855 888 973 949 claudit

200 988 285 1048 intus
298 995 330 1048 et
343 1006 484 1047 weeesus
493 986 634 1067 prohibet
647 986 822 1066 refugitque
834 986 948 1047 viriles.

251 1199 330 1263 Mam
346 1200 401 1250 recle
416 1199 462 1251 her
480 1200 510 1249 in
529 1200 599 1260 eoin,
618 1213 709 1262 amorre
726 1198 806 1248 witam
832 1198 990 1249 Vertumnus.

199 1338 271 1416 quid
285 1358 346 1397 non
361 1343 392 1397 et
407 1338 521 1417 Satyri,
536 1339 702 1400 saltatibus
715 1343 790 1417 apte
802 1337 957 1411 iuventus,

200 1435 296 1495 fecere
310 1442 341 1494 et
355 1436 429 1515 pinu
443 1436 607 1515 praecineti
620 1456 734 1496 cornua
746 1435 854 1507 Penes,

147 1553 184 1605 ⁶³⁹
198 1534 410 1611 Silvanusque,
423 1535 486 1594 suis
500 1554 616 1613 semper
628 1533 790 1595 iuvenilier
803 1533 901 1606 anuis,

148 1649 182 1697 σῃ
197 1636 233 1690 ut
246 1637 424 1710 poterentur
437 1634 492 1692 eal
511 1632 563 1692 sed
577 1631 659 1692 enim
671 1632 834 1710 superabat
846 1631 974 1690 amando

201 1728 254 1788 hos
268 1748 385 1808 quoque
400 1730 597 1790 Vertumnus.
619 1748 715 1807 neque
729 1735 795 1789 erat
808 1728 924 1788 felicior
942 1728 1013 1788 illis.

317 1938 352 2003 Of
367 1939 408 1989 bb
426 1953 506 2002 manu
521 1942 667 2002 otmense
683 1941 707 1988 to
725 1938 788 2002 qaia
806 1937 850 1988 her
869 1938 925 1988 levo.

201 2106 220 2145 o
232 2085 373 2163 quotiens
387 2087 495 2146 habitu
510 2087 579 2146 duri
592 2087 735 2147 messoris
748 2088 859 2147 anetae

202 2184 290 2243 eorbe
303 2183 379 2243 tulit
392 2185 516 2263 verique
529 2185 592 2245 fuit
605 2185 745 2246 messoris
758 2186 873 2263 imago!

150 2301 186 2349 ⁶⁸⁵
200 2287 335 2358 tempora
350 2300 437 2361 saepe
450 2301 558 2360 gerens
571 2282 660 2342 laeuo
673 2283 803 2360 religate
817 2282 931 2341 recenti

203 2379 355 2438 desectum
369 2384 489 2458 poterat
502 2399 626 2458 gramen
640 2399 775 2439 versasse
788 2379 892 2440 videri.

203 2494 290 2554 saepe
302 2496 395 2535 manu
409 2477 549 2536 stimulos
562 2476 662 2555 rigide
676 2478 827 2555 portabat,
838 2482 874 2534 ut
888 2476 974 2534 illum

203 2572 317 2651 iurares
331 2573 426 2633 fessos
440 2574 528 2634 modo
542 2574 726 2633 disiunxisse
744 2575 893 2633 iuvencos.

203 2669 282 2729 falae
295 2671 369 2730 data
381 2671 542 2732 frondator
555 2677 623 2731 erat
635 2671 770 2750 vitisque
783 2677 924 2751 putator:

150 2787 189 2837 eso
200 2768 341 2828 induerat
356 2770 458 2841 sealaa
474 2771 623 2829 lecturum
636 2789 724 2849 poma
737 2775 866 2850 putores.
917 2813 921 2822 -

203 2865 291 2924 miles
304 2872 371 2925 erat
384 2866 494 2946 gladio,
508 2868 643 2946 piscator
653 2867 823 2927 harundine
837 2873 965 2946 sumpte.

204 2963 334 3042 denique
344 2982 402 3043 per
411 2965 525 3025 multas
538 2966 657 3026 aditum
670 2965 730 3026 sibi
744 2985 832 3045 saepe
844 2966 955 3045 figuras

204 3061 346 3141 mpperit,
360 3068 396 3121 ut
408 3069 530 3142 asperet
543 3070 696 3142 spectatae
709 3065 820 3143 gaudia
832 3064 953 3123 formae.

387 3221 435 3269 682
452 3223 566 3269 retunsae
576 3220 613 3269 Μ.
714 3223 760 3269 640
778 3220 857 3268 ωηιξη.
