2330 3846
435 301 562 359 LIBER
594 302 674 359 XIV.
938 302 975 357 43

79 467 137 516 rra
159 466 275 528 Trea'crta,
288 467 401 528 emptor
417 467 502 528 Scylla
516 467 568 516 aad
584 467 729 529 Charybdis,
744 467 888 515 creatricen
906 466 934 525 lq
950 481 967 513 a

75 537 160 580 »torm
179 535 204 579 to
222 531 309 592 libya,
330 531 424 579 whence
441 532 497 593 they
513 533 564 580 soil
582 533 660 593 apesin
671 532 716 591 sor
735 531 810 592 Italy.
846 531 910 580 How
928 529 966 578 aaa

325 594 436 657 Uercopce
446 610 507 644 were
518 596 625 657 chcapcd
636 600 658 644 to
669 610 732 658 apae.

121 709 221 767 Hunc
234 710 287 767 ubi
301 710 448 767 Troianae
462 712 551 768 remia
565 710 743 785 avidamque
757 709 931 785 Charybdin
1006 739 1029 777 7⁵

76 807 201 864 evicere
214 812 304 875 rates,
319 826 386 864 cum
399 807 459 864 iam
473 826 563 883 prope
577 807 651 864 litus
664 807 803 864 adessent

76 902 265 971 Ausonium,
276 903 405 979 Libycas
418 909 511 961 vento
524 903 698 961 referuntur
711 904 749 961 ad
764 922 838 961 crae.

76 1000 199 1076 excipit
211 1000 338 1056 Aenean
351 999 413 1056 illic
427 1000 585 1075 animoque
599 1000 743 1075 domoque

76 1115 144 1153 non
158 1096 237 1152 bene
252 1095 409 1152 discidium
422 1095 549 1172 Phrygii
562 1095 663 1152 latura
677 1095 780 1152 mariti

77 1191 223 1249 Sidonis:
245 1189 334 1266 inque
347 1211 422 1267 pyra
436 1192 513 1248 sacri
527 1191 583 1248 sub
598 1192 727 1268 imagine
741 1191 823 1248 facta
1004 1211 1029 1248 ee

77 1287 225 1344 incubuit
239 1285 327 1355 ferm,
343 1288 524 1363 deceptaque
538 1288 648 1363 decipit
662 1306 772 1345 omnes.

77 1403 192 1442 rursus
205 1384 367 1441 harenosae
380 1384 500 1460 fugiens
513 1404 592 1441 nova
605 1384 722 1441 moenia
735 1388 836 1441 terrae

78 1481 120 1538 ad
136 1480 296 1556 sedemque
310 1480 414 1556 Erycis
428 1480 577 1557 fidumque
591 1480 705 1537 relatus
717 1482 849 1538 Acesten

80 1577 232 1635 sacrificat
246 1576 453 1653 tumulumque
466 1578 513 1634 sui
526 1577 670 1654 genitoris
683 1578 817 1636 honorat.

79 1692 217 1751 quasque
231 1678 311 1730 rates
326 1673 385 1730 Iris
399 1674 528 1730 Iunonia
543 1693 635 1751 paene
648 1679 805 1743 cremarat,
1005 1694 1027 1741 ⁸5

80 1771 187 1840 solvit,
201 1776 233 1827 et
247 1770 438 1846 Hippotadae
451 1789 577 1847 regnum
590 1777 744 1848 terrasque
758 1771 869 1829 calenti

80 1867 228 1944 sulphure
241 1866 392 1924 fumantes
405 1867 679 1944 Acheloiadumque
693 1869 837 1945 relinquit

81 1966 224 2024 Sirenum
238 1964 390 2039 scopulos:
411 1964 578 2039 orbataque
591 1966 725 2040 praeside
738 1966 827 2040 pinus

80 2063 240 2121 Inarimen
254 2060 483 2136 Prochytenque
496 2060 581 2138 legit,
597 2062 750 2137 sterilique
764 2061 877 2119 locatas

80 2159 159 2219 colle
173 2157 358 2227 PithecusaS,
375 2157 568 2215 habitantum
582 2157 702 2215 nomine
716 2158 820 2215 dictas.
1002 2190 1027 2227 90

79 2257 193 2334 quippe
208 2254 295 2311 deum
309 2254 436 2329 genitor,
452 2251 590 2312 fraudem
600 2259 634 2311 'et
648 2254 778 2330 periuria
791 2255 941 2329 quondam

80 2355 248 2427 Cercopum
261 2368 368 2407 exosus
381 2348 538 2426 gentisque
551 2350 681 2407 admissa
696 2349 823 2417 dolosae,

79 2452 115 2508 in
129 2447 264 2506 deforme
277 2447 358 2504 viros
371 2445 483 2504 animal
497 2446 638 2516 mutavit,
653 2452 689 2503 ut
702 2446 782 2503 idem

80 2544 245 2604 dissimiles
259 2542 373 2599 homini
386 2548 508 2617 possent
523 2542 693 2617 similesque
707 2541 812 2610 videri,

80 2643 275 2716 membraque
289 2641 442 2697 contraxit
456 2658 601 2714 naresque
615 2659 633 2695 a
647 2638 747 2696 fronte
761 2637 885 2695 resimas
1002 2668 1025 2705 05

80 2737 233 2804 contudit,
249 2742 280 2793 et
293 2735 377 2810 rugis
391 2734 543 2810 peraravit
556 2734 687 2791 anilibus
701 2753 753 2791 cra
765 2754 774 2805 ;

81 2842 209 2909 totaque
222 2831 336 2889 velatos
349 2831 472 2887 flaventi
486 2849 608 2905 corpora
621 2829 695 2887 villo
771 2859 773 2862 ·

81 2930 170 2991 misit
183 2930 217 2985 in
230 2928 284 2985 has
298 2927 390 2985 sedes.
414 2945 468 2983 nee
482 2945 541 2983 non
555 2925 637 3001 prius
651 2924 779 2982 abstulit
794 2945 880 2982 usum

80 3031 246 3092 verborum
259 3033 290 3085 et
303 3032 392 3084 natae
407 3026 473 3083 dira
486 3026 518 3081 in
531 3024 662 3100 periuria
676 3024 812 3099 linguae:

81 3147 171 3209 posse
184 3127 268 3203 queri
283 3130 404 3182 tantum
417 3141 505 3180 rauco
520 3122 647 3179 stridore
661 3121 790 3197 reliquit.

427 3235 458 3289 75
474 3234 540 3284 banc
553 3236 589 3286 Μ.
