2322 3848
420 303 548 360 LIBIIR
578 303 674 363 XIII.
925 304 962 364 25

75 457 128 517 pro
141 441 251 514 patruo
264 435 340 493 tulit
353 453 436 491 arma
449 452 512 504 suo,
527 433 688 510 primisque
702 435 758 492 sub
771 434 858 492 annis

75 533 184 591 occidit
197 552 216 588 a
228 530 312 601 lorti,
327 530 369 587 sic
382 548 436 587 vos
449 528 598 597 voluistis,
612 528 739 588 Achille.

75 629 121 698 da,
135 645 248 705 precor,
262 625 333 683 huic
346 624 485 700 aliquem,
500 624 608 682 solacia
621 626 735 696 mortis,
750 626 900 698 honorem,

75 742 188 781 summe
202 723 291 780 deum
304 726 410 791 rector,
424 724 619 796 maternaque
632 720 758 778 vulnera
771 720 852 780 leni)

75 927 149 977 arom
174 927 214 976 tte
239 926 309 974 aelam
330 925 359 986 of
382 926 422 974 Itis
442 940 505 988 pyra
531 940 575 974 arc
592 925 715 988 produced
736 925 852 975 musalms
876 926 950 986 birds,

75 992 154 1041 retiola
175 991 207 1053 ty
227 1005 245 1039 a
263 991 359 1052 conflat
376 990 486 1038 removed
503 991 590 1066 yearly
604 1005 714 1053 praeces
733 986 854 1052 illefonse
871 992 900 1052 of
915 991 953 1041 uu

456 1069 571 1104 wariw-

75 1171 213 1248 Iuppiter
226 1170 382 1238 adnuerat,
398 1189 466 1226 cum
479 1168 649 1228 Memnonis
663 1170 775 1228 arduus
789 1170 851 1228 alto
980 1189 1017 1228 eon

75 1267 187 1325 corruit
201 1267 270 1343 igne
284 1285 384 1342 rogus,
398 1267 535 1343 nigrique
548 1265 702 1324 volumina
714 1266 791 1323 fumi

75 1364 204 1422 infecere
217 1363 305 1433 diem,
320 1361 416 1420 veluti
430 1382 498 1420 eum
511 1362 633 1420 flumina
648 1368 735 1421 natus

75 1461 218 1519 exhalant
231 1459 365 1529 nebulas,
380 1477 435 1517 neo
448 1459 492 1517 sol
506 1460 681 1517 admittitur
694 1460 782 1517 infra.

75 1563 140 1614 atra
153 1556 262 1614 favilla
275 1554 367 1627 volat,
382 1555 603 1632 glomerataque
616 1574 722 1633 corpus
736 1558 768 1614 in
782 1576 874 1614 unum

75 1653 226 1723 densetur,
240 1651 406 1727 faciemque
419 1651 509 1728 capit,
524 1652 674 1727 sumitque
688 1651 815 1709 calorem

75 1755 163 1826 atque
175 1749 308 1805 animam
321 1766 358 1805 ex
371 1749 453 1825 igni3
471 1747 580 1806 levitas
594 1767 648 1805 sua
661 1748 799 1824 praebuit
812 1748 882 1805 alas.

75 1851 105 1903 et
114 1845 211 1923 primo
225 1843 334 1902 similis
347 1843 471 1915 volucri,
486 1863 555 1901 mox
568 1863 640 1901 vera
652 1844 782 1902 volucris

74 1942 209 1999 insonuit
222 1940 330 2016 pennis
343 1960 349 1996 :
370 1940 483 2016 pariter
497 1958 622 1997 sonuere
635 1959 749 1998 sorores

74 2041 257 2108 innumerae,
271 2037 381 2113 quibus
394 2041 441 2094 est
455 2036 558 2094 eadem
571 2036 682 2094 natalis
696 2039 786 2114 origo,

74 2140 178 2211 terque
191 2152 298 2210 rogum
312 2132 452 2204 lustrant,
469 2138 500 2190 et
514 2152 659 2190 consonus
673 2134 736 2191 exit
750 2135 783 2192 in
796 2154 883 2192 auras
994 2167 1002 2192 ι

74 2238 120 2290 ter
133 2231 275 2306 clangor:
296 2234 403 2304 quarto
418 2230 564 2287 seducunt
578 2233 678 2286 castra
691 2229 812 2287 volatu:

74 2335 138 2386 tum
152 2328 214 2385 duo
228 2326 346 2384 diversa
360 2325 462 2402 populi
476 2325 513 2383 de
526 2331 611 2403 parte
625 2324 736 2383 ierooes

74 2425 151 2484 bella
164 2427 286 2501 gerunt,
301 2420 464 2497 rostrisque
479 2426 509 2478 et
522 2422 647 2479 aduncis
661 2423 812 2499 unguibus
826 2422 886 2482 iras

72 2525 214 2580 exercent
226 2518 349 2595 alasque
362 2518 544 2594 adversaque
558 2523 677 2595 pectora
690 2518 822 2594 lassant3

71 2620 257 2695 inferiaeque
270 2617 384 2675 eadunt
397 2616 490 2674 cineri
510 2622 637 2693 cognata
650 2618 767 2695 sepulto

72 2735 205 2794 corpora,
220 2732 309 2790 seque
322 2713 387 2770 viro
401 2712 475 2769 forti
488 2713 648 2771 meminere
661 2721 785 2775 creatae.

72 2810 265 2891 praepetibus
279 2809 388 2867 subitis
402 2828 510 2867 nomen
523 2809 597 2867 facit
611 2817 733 2869 auctor:
754 2814 792 2871 ab
806 2814 859 2871 illo

73 2906 282 2965 Memnonides
298 2906 402 2975 dietae,
418 2925 485 2963 cum
499 2905 544 2965 sol
557 2905 692 2964 duodena
706 2909 820 2985 peregit

71 3003 166 3082 signa,
181 3002 331 3080 parentali
344 3001 505 3059 moriturae
518 3021 599 3058 more
612 3003 767 3062 rebellant.
795 3031 799 3036 ⁴

72 3118 141 3176 ergo
154 3095 226 3157 aliis
241 3098 367 3156 latrasse
380 3097 568 3174 Dymantida
580 3098 677 3156 flebile
691 3101 788 3157 visum
803 3107 867 3175 est;

205 3267 438 3321 tralucentes.
632 3248 682 3323 620
700 3264 783 3314 visum
794 3263 830 3312 Μ.
