2322 3848
409 312 537 370 LIBER
567 311 663 370 XIII,
917 311 954 371 37

57 489 111 537 The
124 491 197 546 story
205 484 233 545 (ff
240 485 325 546 Scylla
336 486 472 533 continued.
504 485 551 533 She
557 486 617 547 fleca
628 485 666 533 ue
673 487 778 548 parauit
789 487 817 547 os
827 487 945 549 Glaucus,

287 550 437 611 marcelliny
447 554 473 598 ot
484 549 524 598 die
534 555 632 612 etrccqc
643 551 724 613 cleope.

98 658 251 716 Desierat
265 656 391 714 Galatea
405 657 496 733 loqui,
511 662 655 733 coetuque
670 657 769 715 soluto

55 755 225 815 discedunt
239 754 424 831 placidisque
437 759 547 810 natant
561 754 705 812 Nereides
719 756 818 812 undis.

55 853 165 931 Scylla
179 852 278 909 redit:
300 870 394 928 neque
409 852 489 908 enim
502 852 599 909 medio
614 872 648 921 se¹
659 853 778 910 credere
791 860 883 930 ponto
976 885 1013 923 φο

55 937 166 1019 audet,
183 955 214 1007 et
228 954 282 1006 aut
296 949 401 1006 bibula
414 950 479 1007 sine
493 951 629 1007 vestibus
643 956 723 1007 errat
737 951 860 1021 harena,

56 1054 126 1118 aut,
141 1046 197 1103 ubi
210 1046 324 1104 lassata
338 1050 392 1117 est,
409 1040 546 1104 seductos
561 1053 650 1104 nacta
664 1067 796 1105 recessus

57 1144 205 1222 gurgitis,
220 1142 336 1199 inclusa
351 1162 405 1200 sua
420 1144 553 1200 membra
563 1144 725 1221 refrigerat
738 1146 828 1204 unda.

58 1258 130 1298 ecce
142 1238 225 1295 freto
239 1238 381 1310 stridens,
397 1240 456 1295 alti
469 1258 565 1296 novus
580 1240 678 1297 incola
692 1242 779 1317 ponti

60 1355 161 1412 nuper
176 1336 209 1391 in
222 1335 355 1392 Euboica
369 1337 464 1393 versis
478 1336 663 1394 Anthedone
678 1339 828 1411 membris,
977 1375 1013 1412 905

61 1432 198 1491 Glaucus
211 1431 305 1503 adest,
321 1433 461 1507 visaeque
475 1432 615 1509 cupidine
628 1434 755 1510 virginis
771 1434 884 1505 haeret,

61 1535 94 1586 et
108 1546 313 1603 quaecumque
327 1534 416 1605 putat
430 1528 599 1605 fugientem
613 1549 699 1606 posse
713 1531 822 1587 morari

61 1626 159 1683 verba
172 1623 275 1682 refert.
300 1624 381 1700 fugio
395 1625 449 1681 illa
462 1630 573 1695 tamen,
589 1625 734 1702 veloxque
748 1628 858 1684 timore

61 1722 206 1799 pervenit
219 1722 252 1777 in
267 1740 415 1777 summum
429 1723 521 1798 positi
535 1740 626 1799 prope
640 1721 731 1780 litora
745 1725 865 1781 montis,

62 1824 137 1875 ante
150 1817 265 1874 fretum
279 1822 335 1888 est,
350 1818 457 1895 ingens
471 1819 584 1894 apicem
598 1818 740 1876 collectus
755 1820 787 1876 in
801 1840 895 1876 unum
978 1851 1016 1891 910

63 1914 176 1991 longus
189 1915 228 1971 ab
242 1915 421 1989 aequoribus
435 1934 586 1972 convexus
600 1915 633 1971 in
647 1935 775 1991 aequora
790 1923 904 1976 vertex.

63 2011 207 2069 constitit
222 2010 279 2080 hic,
294 2016 325 2067 et
339 2017 409 2068 tuta
423 2011 494 2082 loco,
510 2016 717 2069 monstrumne
731 2014 842 2071 deusne

64 2107 118 2165 ille
133 2108 184 2179 sit,
199 2108 351 2183 ignorans,
367 2108 592 2184 admiraturque
606 2109 733 2167 colorem

63 2206 285 2281 caesariemque
299 2225 416 2262 umeros
431 2206 622 2281 subiectaque
636 2212 722 2283 terga
735 2214 896 2284 tegentem,

62 2305 234 2380 ultimaque
248 2304 377 2380 excipiat
390 2303 469 2378 quod
484 2303 598 2359 tortilis
612 2304 737 2378 inguina
750 2305 847 2380 piscis.
978 2337 1014 2376 ⁹1⁵

64 2477 106 2525 Hc
120 2475 178 2524 alce
188 2475 232 2523 lucr
243 2475 296 2523 ttae
308 2474 337 2522 hc
347 2489 400 2522 ocos
410 2488 465 2521 ccccc
476 2488 493 2521 o
504 2488 572 2534 maa,
587 2475 639 2522 ond
650 2474 703 2523 lww
714 2475 743 2523 tc
755 2476 799 2523 lost
810 2476 850 2524 bie
861 2477 913 2539 fiet
924 2478 953 2525 ic

355 2539 393 2586 tte
404 2538 537 2586 eochuctcd
548 2540 663 2588 mecdcw.

62 2650 173 2721 sensit,
188 2654 220 2707 et
234 2649 377 2720 innitens,
393 2667 468 2723 quae
484 2648 585 2705 stabat
600 2650 743 2725 proxima,
758 2650 831 2708 moli

63 2753 149 2805 ‘non
163 2766 219 2823 ego
233 2745 402 2822 prodigium
416 2763 470 2801 nec
485 2744 630 2801 sumsere
645 2745 742 2819 belua,
758 2748 853 2822 virgo,

62 2845 119 2904 sed
131 2844 222 2901 deus'
235 2843 334 2918 inquit
347 2846 466 2917 ‘aquae3
481 2861 535 2898 nec
546 2842 686 2900 maius‘in
695 2863 822 2920 aequora
836 2844 964 2903 Proteus

61 2944 114 2999 ius
127 2940 224 2998 habet
237 2945 268 2997 et
282 2939 390 2996 Triton
405 2938 720 3015 Athamantiadesque
736 2940 907 2999 Palaemon.

61 3044 139 3096 ante
152 3044 256 3095 tamen
270 3037 406 3094 mortalis
421 3055 510 3106 eram,
526 3037 586 3109 sed,
603 3037 716 3095 scilicet
730 3038 802 3094 altis

61 3135 189 3193 debitus
204 3132 392 3208 aequoribus,
407 3132 468 3189 iam
483 3147 550 3191 tum
566 3137 725 3194 exercebar
738 3137 770 3194 in
785 3136 856 3201 illis.

414 3265 460 3312 921
480 3262 581 3314 deditus
594 3265 628 3314 M.

979 3082 1017 3117 0²0
