2330 3846
436 303 561 361 LIBER
591 303 673 361 XIV.
933 303 972 359 53

79 452 211 530 aspicias
224 451 351 527 fictaque
364 449 471 527 probes
484 452 523 508 ab
536 450 667 527 imagine
680 469 790 508 veram.

79 570 135 627 par
149 549 271 607 animus
285 547 416 620 formae;
436 567 491 605 nec
504 547 602 604 adhuc
616 552 765 624 spectasse
778 565 938 623 perennes

80 650 308 724 quinquennem
320 649 440 720 poterat
455 644 546 702 Graia
558 649 666 720 quater
679 644 766 702 Elide
780 664 918 721 pugnam.
990 675 1026 714 333

79 747 133 804 ifle
147 764 221 803 suos
235 743 363 819 dryadas
377 742 474 798 Latiis
488 743 521 799 in
535 741 687 799 montibus
701 747 783 798 ortas

81 846 220 900 verterat
234 840 267 896 in
281 839 394 907 vultus,
410 837 496 894 illum
510 837 637 895 fontana
650 838 793 913 petebant

80 940 218 1006 numina,
233 936 363 1005 naiades,
378 954 452 1011 quas
465 934 589 1003 Albula,
603 953 735 1010 quasque
749 934 878 1001 Numici,

79 1055 156 1112 quas
170 1033 302 1091 Anienis
315 1051 418 1107 aquae,
433 1049 578 1106 cursuque
597 1030 790 1088 brevissimus
802 1030 894 1088 Almo

79 1133 189 1189 Narve
203 1129 277 1186 tulit
291 1147 429 1204 praeceps
443 1131 474 1184 et
488 1145 594 1202 opacae
608 1125 751 1184 Farfarus
764 1126 871 1195 undae,
991 1159 1027 1194 330

79 1246 218 1306 quaeque
231 1225 335 1283 colunt
349 1224 505 1300 Scythicae
519 1243 645 1300 regnum
658 1223 807 1281 nemorale
818 1224 937 1281 Dianae

79 1325 287 1398 finitimosque
301 1322 392 1379 lacus.
415 1322 523 1397 spretis
536 1328 638 1378 tamen
652 1320 790 1378 omnibus
804 1341 894 1378 unam

80 1423 132 1481 ille
148 1420 224 1479 colit
238 1418 398 1494 nymphen,
413 1438 502 1494 quam
515 1419 666 1495 quondam
680 1418 712 1474 in
726 1419 801 1476 colle
815 1418 916 1476 Palati

81 1521 198 1578 dicitur
210 1517 297 1575 Ionio
312 1515 460 1591 peperisse
473 1514 596 1572 Venilia
609 1515 690 1574 Iane.

81 1617 155 1673 haec
170 1613 225 1672 ubi
238 1612 394 1670 nubilibus
413 1613 542 1688 primum
556 1613 704 1670 maturuit
718 1614 814 1682 annis,
990 1646 1024 1683 333

80 1711 254 1789 praeposito
267 1709 384 1767 cunctis
399 1708 545 1766 Laurenti
558 1708 673 1765 tradita
687 1710 759 1768 Pico
773 1716 838 1768 est:

80 1828 150 1866 rara
164 1807 288 1884 quidem
300 1805 385 1874 facie,
401 1806 452 1863 sed
467 1806 563 1862 rarior
577 1811 642 1863 arte
656 1807 791 1875 canendi,

80 1906 164 1963 unde
180 1904 297 1961 Canens
312 1903 393 1960 diota
406 1908 461 1960 est.
484 1902 577 1959 silvas
591 1906 622 1958 et
637 1921 709 1959 saxa
724 1923 844 1962 movere

81 2009 112 2060 et
126 1999 261 2058 mulcere
274 1999 355 2058 feras
369 2005 401 2058 et
414 1998 537 2056 flumina
550 1998 641 2075 longa
655 2000 765 2057 morari

80 2119 133 2157 ore
148 2117 204 2156 suo
218 2097 413 2173 volucresque
427 2114 519 2173 vagas
533 2094 664 2153 retinere
679 2098 803 2155 solebat.
991 2128 1028 2169 340

80 2279 120 2329 He
135 2279 212 2341 poley
226 2278 301 2340 afield
317 2280 339 2327 to
356 2278 421 2327 hunt
436 2294 487 2327 was
501 2294 556 2328 acea
569 2280 621 2329 aad
637 2280 704 2329 leveel
719 2280 748 2341 os
759 2279 834 2340 Circe,
849 2278 902 2327 etat
912 2293 963 2327 was

399 2343 529 2406 aetheriae
541 2345 647 2407 amplas.

79 2494 160 2553 quae
178 2493 245 2531 oum
258 2473 388 2532 feminea
401 2475 574 2534 modulatur
587 2476 719 2534 carmina
733 2495 813 2548 voce,

79 2573 201 2631 exierat
214 2576 294 2628 tecto
308 2571 474 2630 Laurentes
488 2572 578 2630 Picus
592 2573 625 2630 in
638 2592 733 2650 agros,

79 2670 243 2746 indigenas
256 2669 372 2727 fixurus
386 2689 481 2746 apros,
497 2674 675 2749 tergumque
688 2671 842 2748 premebat

79 2768 162 2826 acris
175 2766 245 2843 equi
258 2766 401 2843 laevaque
415 2767 539 2825 hastilia
551 2768 624 2824 bina
637 2767 764 2841 ferebat,

79 2863 262 2924 Poeniceam
274 2863 360 2922 fulvo
374 2864 561 2941 chlamydem
574 2871 746 2923 contractus
760 2866 798 2923 ab
812 2885 893 2923 auro.
989 2895 1026 2935 343

80 2965 212 3020 venerat
225 2961 258 3018 in
272 2960 365 3019 silvas
379 2967 411 3018 et
424 2961 487 3018 filia
501 2961 578 3020 Solis
592 2963 719 3032 easdem,

80 3069 179 3137 utque
193 3079 286 3117 novas
300 3060 414 3136 legeret
428 3059 566 3118 fecundis
580 3060 709 3119 collibus
723 3061 840 3131 herbas,

180 3189 228 3238 eat
246 3187 334 3237 Graios
346 3191 435 3253 quater
447 3187 518 3239 edere
530 3192 559 3240 R.
672 3193 720 3241 330
738 3191 839 3256 Narque
850 3194 880 3243 Il.

181 3257 229 3303 334
247 3253 355 3304 innocuo
366 3253 401 3304 Μ.
673 3258 719 3305 841
738 3256 799 3306 dum
811 3258 880 3308 MR.
