2322 3848
413 303 540 359 LIBER
571 304 667 360 XIII.
919 306 957 362 33

68 440 105 502 et,
120 434 147 490 si
161 453 223 491 non
237 433 345 509 fugias,
361 433 446 508 riguo
461 432 618 490 formosior
631 433 718 490 horto
732 455 738 491 :

69 533 183 589 saevior
197 531 353 589 indomitis
366 531 468 587 eadem
483 530 608 587 Galatea
622 531 763 601 iuvencis,

69 629 169 685 durior
183 647 296 685 annosa
310 647 428 703 quercu,
443 627 579 685 fallacior
593 629 691 698 undis,

68 725 178 783 lentior
191 732 223 782 et
238 724 335 781 salicis
349 725 443 800 virgis
457 731 488 782 et
502 725 617 781 vitibus
636 725 722 794 albis,

69 823 114 879 his
127 822 300 879 inmobilior
314 821 451 898 seopulis,
466 822 627 879 violentior
642 842 736 892 amne,

70 918 190 976 laudato
203 938 318 994 pavone
332 918 496 994 superbior,
511 919 607 975 aerior
620 918 693 996 igni,

69 1017 199 1092 asperior
211 1016 342 1086 tribulis,
357 1015 420 1073 feta
433 1015 634 1073 truculentior
647 1036 725 1085 ursa,

70 1113 185 1169 surdior
199 1112 386 1186 aequoribus
401 1113 514 1169 calcato
528 1113 664 1169 inmitior
683 1113 789 1188 hydro,

69 1214 106 1277 et,
120 1208 200 1282 quod
214 1208 369 1282 praecipue
383 1207 491 1265 vellem
505 1208 563 1264 tibi
577 1208 692 1265 demere
707 1227 830 1284 possem,
969 1228 1005 1275 sos

71 1324 128 1361 non
142 1310 265 1361 tantum
279 1323 364 1360 cervo
378 1303 466 1360 claris
480 1304 643 1361 latratibus
656 1311 731 1375 acto,

71 1420 172 1458 verum
186 1401 277 1456 etiam
291 1401 391 1458 ventis
405 1400 577 1475 volucrique
590 1400 724 1477 fugacior
737 1405 827 1458 aura!

198 1581 248 1629 His
266 1584 334 1642 great
355 1581 440 1640 sulas,
462 1581 542 1630 which
562 1581 629 1629 stell
642 1582 686 1629 'all
707 1582 732 1629 le
752 1581 815 1630 bera

70 1704 100 1754 at
114 1698 191 1755 bene
205 1697 230 1753 si
244 1696 334 1765 noris,
348 1697 448 1772 pigeat
461 1695 583 1773 fugisse,
599 1716 752 1772 morasque

70 1794 132 1870 ipsa
146 1801 218 1851 tuas
233 1793 354 1851 damnes
368 1799 400 1851 et
413 1813 459 1851 me
473 1795 603 1851 retinere
615 1793 737 1851 labores.

71 1897 140 1948 sunt
153 1890 238 1961 mihi,
253 1910 322 1967 pars
336 1893 454 1962 montis,
469 1892 539 1949 vivo
550 1891 711 1967 pendentia
726 1911 796 1948 saxo
975 1910 1012 1949 aa

70 1996 165 2059 antra,
181 1988 289 2064 quibus
304 2007 357 2045 nec
372 1989 416 2045 sol
430 1989 525 2046 medio
541 1989 672 2045 sentitur
685 1988 718 2044 in
731 1994 825 2058 aestu,

70 2105 121 2143 neo
135 2084 269 2142 sentitur
282 2084 385 2142 hiems.
429 2088 501 2140 sunt
514 2102 600 2160 poma
614 2083 773 2160 gravantia
787 2103 890 2153 ramea,

71 2188 140 2240 sunt
154 2200 228 2238 auro
243 2181 353 2238 similes
368 2181 465 2256 longis
479 2181 512 2236 in
525 2181 640 2238 vitibus
655 2200 739 2251 uvae,

69 2285 141 2336 sunt
154 2283 188 2335 et
201 2295 383 2353 purpureae:
403 2277 462 2334 tibi
475 2282 506 2334 et
520 2276 573 2333 has
594 2296 745 2334 servamus
759 2282 789 2333 et
802 2276 878 2333 illas.

68 2377 133 2452 ipsa
146 2375 210 2431 tuis
225 2374 362 2430 manibus
377 2373 510 2431 silvestri
524 2377 596 2429 nata
611 2373 665 2429 sub
680 2373 785 2429 umbra
976 2393 1011 2440 815

67 2472 173 2530 mollia
187 2470 273 2546 fraga
289 2471 377 2547 leges,
392 2471 457 2547 ipsa
471 2470 656 2526 autumnalia
670 2489 761 2526 corna

67 2586 235 2646 prunaque,
250 2586 311 2623 non
325 2567 421 2623 solum
435 2567 521 2643 nigro
535 2567 661 2623 liventia
675 2585 753 2637 suoo,

65 2685 176 2724 verum
191 2663 282 2720 etiam
296 2683 437 2740 generosa
452 2683 601 2740 novasque
615 2664 767 2721 imitantia
781 2683 869 2722 ceras.

65 2781 123 2820 neo
139 2760 198 2817 tibi
213 2765 369 2818 castaneae
384 2780 430 2818 me
444 2762 577 2837 coniuge,
592 2779 646 2818 neo
660 2762 718 2818 tibi
732 2762 857 2818 deerunt

64 2856 191 2916 arbutei
204 2856 305 2913 fetus:
326 2858 421 2914 omnis
435 2858 494 2913 tibi
508 2857 618 2914 serviet
632 2857 730 2914 arbor.
977 2877 1013 2914 820

65 2957 125 3013 hoo
147 2973 237 3030 peous
251 2973 337 3011 omne
357 2973 455 3011 meum
476 2958 540 3026 est3
562 2953 674 3011 multae
695 2972 810 3030 quoque
831 2953 960 3010 vallibus

152 3056 265 3123 errant,

65 3147 187 3206 multas
201 3146 278 3204 silva
292 3147 378 3222 tegit,
394 3145 507 3203 multae
520 3145 713 3202 stabulantur
726 3145 758 3201 in
775 3145 879 3202 antris.

65 3264 136 3316 nac,
152 3244 179 3301 si
193 3243 272 3300 forte
286 3262 380 3319 roges,
396 3243 506 3318 possim
520 3243 577 3299 tibi
592 3243 696 3312 dicere,
712 3247 785 3317 quot
799 3243 869 3300 sint.

876 3355 895 3393 n
