2330 3846
410 332 533 391 meaa
562 332 643 392 XIV.
907 336 944 395 67

63 552 141 602 lava
150 552 769 616 mosaaoldwmnhcuaahaalurtytlac
785 557 938 618 adimpleas

294 615 689 679 tloeviactlicmllmoaefflcva

61 756 111 814 ille
123 757 213 816 etiam
226 758 308 836 picta
321 756 483 816 redimitus
496 763 633 837 tempora
644 759 746 831 mitra,

60 854 189 914 innitens
202 853 320 927 baculo,
334 854 442 931 positis
456 874 511 932 per
523 860 659 934 tempora
672 858 766 928 canis,
964 880 999 927 a„

60 951 251 1010 adsimulavit
264 970 365 1023 anum,
381 951 537 1029 cultosque
551 953 682 1011 intravit
695 954 729 1012 in
741 954 855 1024 hortos,

59 1066 198 1124 pomaque
212 1047 323 1105 mirata
332 1052 385 1106 est.
405 1047 526 1106 ‘tante’
541 1068 600 1125 que
614 1051 786 1126 ‘potentior
797 1052 803 1107 l
815 1047 823 1074 ’
837 1050 946 1129 inquit,

59 1165 206 1222 paucaque
220 1145 362 1203 laudatae
376 1144 460 1203 dedit
474 1147 584 1217 oscula,
599 1146 700 1222 qualia
714 1167 877 1225 numquam

58 1260 126 1299 vera
141 1241 272 1300 dedisset
286 1261 381 1299 anus:
403 1241 569 1319 glaebaque
586 1241 712 1301 incurva
725 1245 846 1317 resedit,

58 1337 218 1415 suspiciens
231 1339 347 1414 pandos
362 1339 502 1396 autumni
516 1339 647 1415 pondere
661 1360 767 1398 ramos.
963 1362 1000 1399 ⁶⁶0

57 1434 153 1493 ulmus
167 1440 233 1492 erat
247 1440 353 1492 contra
367 1433 500 1510 speciosa
515 1433 686 1493 nitentibus
698 1436 784 1494 uvis:

56 1551 142 1607 quam
157 1534 236 1590 socia
250 1536 408 1609 postquam
422 1530 536 1608 pariter
549 1550 617 1588 cum
630 1531 694 1590 vita
707 1534 857 1609 probavit,

57 1633 103 1686 ‘at
116 1627 144 1686 si
157 1628 271 1686 staret'
286 1628 330 1684 ait
346 1625 479 1684 ‘caelebs
493 1626 558 1684 sine
571 1627 697 1703 palmite
710 1633 845 1700 truncus,

55 1725 97 1782 nil
109 1730 231 1802 praeter
244 1723 375 1792 frondes,
390 1742 483 1800 quara
496 1729 659 1799 peteretur,
674 1723 807 1784 haberat.

55 1820 124 1880 haec
137 1840 264 1898 quoque,
280 1839 356 1899 quae
369 1819 474 1878 iuncta
487 1820 561 1879 vitis
576 1821 737 1897 requiescit
751 1821 783 1880 in
798 1823 888 1894 ulmo,
963 1844 999 1893 ⁶⁶⁵
1140 1884 1147 1891 ,

54 1918 154 1977 sinon
167 1922 264 1994 nupta
277 1915 366 1989 foret,
380 1921 480 1975 terrae
493 1916 642 1975 acclinata
661 1918 783 1978 iaceret.

53 2020 86 2072 tu
98 2020 205 2073 manen
218 2014 354 2091 exemplo
367 2032 429 2071 non
442 2013 579 2091 tangeris
592 2014 711 2072 arboris
724 2014 824 2086 huius,

50 2112 286 2189 concubitusque
299 2111 389 2188 fugis,
405 2130 460 2168 nec
473 2116 505 2170 66
518 2111 699 2188 coniungere
712 2131 807 2171 curas.

50 2320 89 2370 Hc
111 2320 169 2370 tells
190 2318 234 2367 lm
256 2320 309 2368 6666
330 2332 409 2380 many
430 2333 474 2368 erc
495 2317 540 2367 lm·
563 2317 663 2375 6666666,
688 2331 778 2379 ammte
802 2315 881 2365 aeliam
908 2316 937 2365 lu

230 2383 369 2445 6666666666
387 2382 525 2433 commiade
542 2385 565 2431 ta
584 2381 630 2430 ter
648 2381 757 2442 litaniis.

47 2542 144 2611 atque
157 2533 274 2590 utinam
287 2532 398 2590 valles!
420 2529 539 2589 Helene
552 2548 614 2587 non
627 2529 766 2607 pluribus
781 2533 861 2588 esset

47 2629 217 2691 sollicitata
230 2628 335 2708 procis,
349 2647 405 2687 nac
417 2646 494 2704 quae
507 2626 666 2704 Lapitheia
679 2627 776 2684 movit
964 2647 1000 2693 670

46 2727 175 2807 proelia,
190 2747 244 2785 nec
259 2727 390 2784 coniunx
403 2723 531 2783 nimium
545 2722 697 2780 tardantis
711 2721 825 2782 Ulixis.

45 2846 131 2887 nunc
145 2844 271 2902 quoque,
285 2843 354 2883 cum
367 2821 468 2900 fugias
481 2819 686 2898 auerserisque
699 2826 846 2898 patentes,

44 2924 135 2984 mille
148 2922 209 2981 viri
222 2923 348 3000 cupiunt
361 2926 393 2979 at
407 2917 589 2997 semideique
604 2918 711 2995 deique

115 3077 164 3127 655
181 3075 213 3125 ad
223 3079 302 3140 tem
314 3074 351 3127 Μ.
517 3075 564 3125 656
581 3071 701 3137 pluraque
712 3071 828 3122 laudatae
838 3087 873 3123 66.
886 3073 922 3123 Μ.

115 3143 165 3192 662
181 3090 293 3204 comptap
292 3143 385 3263 postqu
386 3154 427 3188 am
437 3137 534 3215 pariter
541 3138 638 3188 virtute
650 3138 686 3190 Μ.

115 3206 165 3256 665
182 3205 270 3255 iuncta
280 3208 320 3254 666
370 3203 404 3254 tis
414 3203 568 3280 requiescit
559 3218 588 3253 ιιι
598 3201 685 3252 illuit.

115 3274 163 3325 671
181 3268 274 3330 timidi,
289 3274 333 3319 aut
343 3267 445 3319 audacis
454 3269 492 3319 Μ.

823 3362 879 3417 sl
