2330 3846
410 337 538 393 LIBER
570 337 647 395 XIV.
916 338 950 395 61

70 469 214 546 inquibus
228 472 317 525 antra
331 467 423 538 videt,
439 485 515 542 quae
528 466 626 523 multa
640 466 744 524 nubila
758 466 835 524 silva

70 573 95 624 et
107 566 221 624 levibus
235 564 340 622 cannis
354 564 512 620 latitantia
526 563 687 639 semicaper
701 563 768 620 Pan
970 592 1007 632 μς

71 681 141 719 nunc
153 665 255 719 tenet:
277 666 311 716 at
324 660 452 734 quodam
472 664 638 716 tenuerunt
651 664 784 736 tempore
798 660 953 737 nymphae.

72 758 180 833 Apulus
194 757 249 814 has
262 755 318 812 illa
330 761 433 831 pastor
446 755 568 831 regione
582 755 705 832 fugatas

72 856 171 911 terruit
184 859 216 911 et
230 854 326 930 primo
340 853 442 909 subita
456 852 617 910 formidine
631 853 746 910 movit:

72 970 139 1020 nox,
154 951 206 1010 ubi
219 970 303 1008 mens
316 950 407 1008 rediit
421 956 452 1008 et
465 955 668 1026 contempsere
683 955 864 1026 sequentem,

73 1049 104 1105 ad
116 1067 271 1106 numerum
284 1048 375 1105 motis
389 1047 514 1124 pedibus
529 1047 640 1105 duxere
654 1048 782 1107 choreas.
973 1080 1010 1117 520

73 1145 210 1221 improbat
224 1145 280 1201 has
292 1150 395 1220 pastor
409 1144 547 1220 saltuque
561 1143 700 1203 imitatus
714 1146 827 1222 agresti

74 1239 179 1299 addidit
193 1242 329 1299 obscenis
343 1241 476 1298 convicia
489 1241 604 1298 rustica
618 1241 725 1299 dictis:

74 1356 119 1395 nec
132 1339 214 1414 prius
227 1356 261 1394 os
274 1338 380 1405 tacuit,
395 1356 485 1413 quam
499 1343 626 1412 guttura
636 1338 772 1397 condidit
785 1340 881 1398 arbor.

74 1436 153 1492 arbor
165 1435 245 1493 enim
259 1439 314 1501 est,
330 1453 457 1510 sucoque
471 1435 542 1493 licet
556 1454 731 1511 cognoscere
744 1456 849 1496 mores.

75 1531 173 1608 quippe
184 1536 288 1588 notam
301 1529 421 1607 linguae
434 1530 516 1588 loliis
530 1531 658 1589 oleaster
671 1534 781 1591 amaris
975 1566 1011 1604 μς

75 1627 202 1685 exhibet:
223 1628 371 1703 asperitas
384 1629 545 1686 verborum
558 1630 648 1686 cessit
661 1628 695 1687 in
708 1630 770 1687 illa.

79 1836 171 1886 Tamus
176 1838 237 1901 fiaes
248 1837 288 1886 tlte
300 1837 394 1898 Projan
404 1838 479 1899 stips,
493 1839 574 1888 which
585 1840 616 1901 ty
626 1840 666 1889 tto
676 1845 744 1903 preat
753 1843 851 1904 goddess
864 1843 947 1905 Cybele

209 1902 263 1951 aas
275 1901 342 1951 loocd
353 1902 417 1951 them
428 1918 471 1951 ore
482 1903 590 1966 changed
601 1909 624 1954 to
635 1907 799 1968 seo-aymplu.

109 2034 186 2092 Hinc
200 2034 254 2093 ubi
267 2034 361 2110 legati
374 2036 498 2105 rediere,
511 2043 622 2113 negata
636 2038 769 2097 ferentes

23 2206 24 2211 ἵ
77 2151 149 2190 arma
162 2133 271 2192 Aetola
285 2133 351 2205 sibi,
367 2133 478 2190 Rutuli
492 2136 557 2193 sine
570 2136 687 2194 viribus
702 2137 764 2195 illis

23 2254 25 2297 μ
77 2229 145 2287 bella
157 2230 307 2287 instructa
320 2236 438 2307 gerunt.
474 2231 661 2308 multumque
671 2234 709 2290 ab
720 2239 848 2311 utraque
860 2239 972 2296 cruoris

23 2344 25 2395 f
77 2332 153 2401 parte
166 2328 265 2385 datur.
308 2326 370 2384 fert
384 2345 449 2386 eece
462 2328 568 2386 avidas
581 2330 614 2386 in
627 2331 716 2406 pinea
729 2332 849 2390 Turnus
976 2365 1012 2403 530

23 2450 25 2489 r
77 2430 153 2483 texta
165 2426 254 2496 faces,
269 2426 411 2502 ignesque
425 2425 544 2494 timent,
559 2427 669 2503 quibus
682 2430 764 2487 unda
777 2432 917 2507 pepercit.

76 2520 182 2599 iamque
195 2524 291 2601 picem
304 2528 336 2580 et
350 2542 432 2580 ceras
446 2522 646 2598 alimentaque
659 2530 758 2583 cetera
777 2527 911 2586 flammae

77 2618 215 2679 Mulciber
228 2621 345 2689 urebat,
360 2639 470 2696 perque
484 2620 581 2677 altum
595 2621 634 2678 ad
647 2623 771 2679 carbasa
784 2624 895 2683 malum

76 2715 141 2789 ibat,
155 2724 186 2777 et
200 2718 342 2775 incurvae
356 2716 515 2774 fumabant
529 2722 665 2775 transtra
677 2720 813 2778 carinae:

76 2830 136 2871 cum
147 2834 258 2873 memor
272 2814 326 2871 has
340 2814 429 2890 pinus
444 2814 534 2870 Idaeo
548 2815 662 2872 vertice
675 2835 775 2874 caesas
976 2852 1012 2889 ⁵³5

76 2917 171 2969 sancta
184 2912 272 2970 deum
285 2912 423 2987 genetrix
436 2911 601 2968 tinnitibus
616 2915 685 2969 aera
699 2913 779 2991 pulsi

76 3009 145 3067 aeris
158 3013 189 3067 et
202 3008 300 3066 inflati
314 3008 474 3085 complevit
487 3027 639 3066 murmure
654 3010 736 3078 buxi,

186 3202 232 3247 515
250 3200 336 3248 cannis
347 3199 466 3247 nutantia
478 3199 512 3250 M.
630 3201 677 3248 524
694 3213 753 3249 suco
761 3199 837 3249 liceat
847 3200 882 3250 M.

187 3265 233 3315 525
249 3262 363 3315 bacisM.
632 3265 678 3316 526
695 3262 799 3315 illasM.
