2330 3846
202 292 239 348 64
341 291 480 350 OVIDII
504 292 909 353 METAMORPHOSEON

199 422 396 499 tempestivus
410 430 476 481 erat
489 424 569 482 caelo
584 424 761 501 Cythereius
774 424 870 484 heros.

147 538 182 586 ⁵8⁵
196 520 401 596 ambieratque
415 522 520 579 Venus
535 541 656 598 superos
669 523 804 599 colloque
816 524 951 598 parentis

199 618 378 675 circumfusa
391 618 439 676 sui
453 624 633 696 ‘numquam
645 621 737 677 mihi’
754 621 872 677 dixerat
889 621 971 678 ‘ullo

199 720 330 792 tempore
344 716 418 772 dure
431 721 524 792 pater,
539 736 618 773 nunc
632 718 673 774 sis
687 718 872 785 mitissimus,
887 722 977 793 opto:

199 812 377 887 Aeneaeque
391 831 464 881 meo,
480 813 532 888 qui
547 818 578 870 te
591 813 628 870 de
642 814 787 890 sanguine
801 818 904 870 nostro

199 908 271 966 fecit
285 929 384 977 evum,
398 911 535 985 quamvis
548 930 675 986 parvum
688 911 749 981 des,
766 909 884 987 optime,
898 928 1021 983 numen,

147 1036 184 1076 ⁵90
198 1007 356 1063 dummodo
370 1008 421 1064 des
435 1007 564 1083 aliquod.
607 1008 681 1066 satis
696 1013 742 1066 est
756 1007 917 1066 inamabile
931 1028 1061 1085 regnum

200 1105 349 1180 aspexisse
363 1104 462 1175 semel,
478 1105 599 1180 Stygios
613 1104 703 1161 semel
717 1104 775 1161 isse
789 1123 842 1180 per
854 1106 976 1164 amnes!

199 1200 355 1258 adsensere
369 1202 427 1271 dei,
441 1220 495 1259 nec
507 1202 638 1259 coniunx
651 1204 733 1279 regia
746 1203 850 1260 vultus

200 1301 329 1357 inmotos
343 1300 451 1372 tenuit,
467 1299 641 1376 placatoque
655 1301 762 1357 adnuit
776 1320 835 1358 ore.

200 1402 266 1454 tum
279 1403 366 1474 pater
380 1398 468 1454 ‘estis
481 1393 488 1417 '
502 1396 547 1452 ait
563 1397 703 1454 ‘caelesti
716 1416 838 1454 munere
852 1396 946 1473 digni,

148 1524 183 1565 595
197 1513 329 1571 quaeque
338 1495 424 1572 petie,
434 1514 488 1570 pro
496 1512 612 1571 quoque
621 1495 706 1571 petis.
718 1514 796 1571 cape,
807 1501 887 1564 nata,
898 1497 978 1571 quod
988 1499 1096 1574 optas)

212 1709 346 1758 Numicius
367 1709 460 1757 waslare
474 1709 546 1771 from
568 1710 622 1757 him
643 1710 682 1758 tte
703 1712 768 1758 taint
790 1711 818 1770 of
836 1711 971 1771 mortality.
1010 1712 1051 1760 Hc
1073 1714 1098 1761 ie

370 1774 523 1835 worshipped
536 1775 617 1822 undar
631 1776 670 1822 the
685 1789 757 1823 acme
771 1775 800 1836 cf
813 1775 919 1836 Indiqcs.

201 1915 283 1973 fatus
293 1920 365 1975 erat.
407 1917 527 1992 gaudet,
542 1921 699 1993 gratesque
713 1916 777 1994 agit
791 1916 845 1972 illa
858 1916 977 1993 parenti
991 1937 997 1974 :

200 2033 310 2091 perque
323 2014 404 2071 leves
418 2033 505 2071 auras
516 2014 626 2071 iunctis
636 2015 755 2072 invecta
768 2012 912 2071 columbis

200 2111 275 2168 litus
287 2111 353 2168 adit
363 2110 505 2179 Laurens
520 2112 572 2167 ubi
585 2117 684 2168 tectus
697 2111 864 2168 harundine
879 2109 974 2186 serpit

201 2210 234 2264 in
247 2207 327 2265 freta
340 2207 488 2265 flumineis
502 2208 601 2265 vicina
614 2207 774 2264 Numicius
791 2207 889 2264 undis.

148 2324 186 2363 σω
198 2306 277 2362 hunc
290 2304 375 2363 iubet
388 2306 517 2375 Aeneae,
531 2323 731 2379 quaecumque
745 2305 873 2361 obnoxia
885 2303 984 2372 morti,

201 2402 321 2460 abluere
336 2407 366 2460 et
379 2402 472 2459 tacito
487 2401 602 2459 deleme
618 2401 674 2458 sub
687 2420 815 2477 aequora
832 2420 928 2458 cursu.

201 2484 338 2577 corniger
350 2501 523 2577 exsequitur
537 2501 664 2558 Veneris
677 2500 829 2567 mandata,
841 2498 970 2574 suisque,

201 2596 341 2673 quicquid
355 2597 388 2653 iu
400 2596 505 2653 Aenea
518 2595 618 2653 iuerat
631 2594 766 2665 mortale,
781 2600 923 2670 repurgat

202 2698 234 2752 et
247 2692 392 2770 respergit
405 2693 500 2770 aquia.
542 2712 611 2769 pars
625 2693 738 2768 optima
755 2689 870 2747 restitit
884 2689 936 2746 illi.

148 2809 184 2858 ⁶05
199 2789 362 2848 lustratum
376 2790 514 2865 genetrix
528 2790 630 2847 divino
643 2806 749 2865 corpus
763 2786 852 2843 odore

202 2887 291 2944 unxit
305 2892 337 2944 et
351 2886 499 2943 ambrosia
512 2906 580 2942 cum
594 2885 674 2942 dulci
688 2888 808 2940 nectare
822 2883 918 2939 mixta

202 2983 330 3061 contigit
344 3004 377 3042 os
391 2983 521 3059 fecitque
535 2984 631 3040 deum.
653 3000 742 3057 quem
755 2980 846 3037 turba
859 2979 977 3049 Quirini

202 3085 356 3159 nuncupat
370 3080 541 3156 Indigetem
554 3078 723 3154 temploque
737 3076 853 3151 arisque
867 3077 986 3152 recepit.

461 3238 535 3285 coc-4
552 3236 623 3283 atacis
634 3234 736 3283 iactauit
746 3233 783 3283 M.
