2330 3846
406 320 534 379 LIBER
561 321 643 381 XIV.

66 447 132 506 seire
145 447 397 510 dedit—referam
411 455 477 510 tota
490 451 647 511 notissima
661 453 760 532 Cypro

67 544 145 620 laeta,
159 547 268 625 quibus
282 548 361 607 flecti
375 549 464 608 facile
478 556 510 609 et
522 550 678 611 mitescere
691 551 793 629 possis.

70 774 111 826 ru
126 779 191 840 story
207 778 235 840 os
250 778 322 839 Iphis
340 779 393 828 aad
408 779 557 828 Anaxarete.
598 780 659 829 rue
676 794 728 828 was
745 794 762 829 a
779 779 847 829 aetla
863 778 933 827 ᾱαπω

291 843 345 891 thot
354 845 453 893 stomud
463 859 480 892 u
491 845 597 894 lowboru
607 846 693 894 euim.

111 992 236 1050 Viderat
251 1011 269 1049 a
283 993 395 1051 veteris
409 1012 582 1070 generosam
596 994 742 1072 sanguine
755 994 861 1052 Teucri

68 1089 141 1169 Iphis
153 1094 359 1165 Anaxareten,
373 1092 480 1150 humili
495 1093 531 1151 de
545 1092 639 1170 stirpe
651 1098 788 1165 ereatus;

67 1189 172 1248 viderat
184 1196 216 1249 et
230 1189 306 1249 totis
320 1195 492 1268 perceperat
505 1190 623 1248 ossibus
640 1196 765 1249 aestum.
960 1218 999 1258 ,ω

68 1286 246 1366 luctatusque
261 1287 322 1359 diu,
337 1293 495 1365 postquam
507 1286 625 1345 ratione
639 1286 771 1345 furorem

68 1382 172 1444 vincere
186 1405 247 1444 non
261 1384 371 1462 potuit,
386 1383 514 1462 supplex
528 1383 566 1441 ad
580 1383 687 1442 limina
700 1383 803 1442 venit:

69 1484 95 1536 et
106 1483 186 1540 modo
199 1481 313 1540 nutrici
325 1480 468 1539 miserum
480 1479 633 1540 confessus
647 1498 785 1552 amorem,

69 1578 165 1636 nasibi
178 1580 255 1638 dura
267 1579 356 1650 foret,
371 1597 425 1656 per
437 1597 505 1656 spes
518 1578 617 1636 oravit
635 1578 782 1651 alumnae,

69 1679 96 1730 et
107 1677 186 1734 modo
200 1677 237 1735 de
251 1676 357 1734 multis
371 1675 528 1734 blanditus
540 1674 647 1752 cuique
660 1674 808 1734 ministris
961 1705 997 1744 ⁷05

70 1771 184 1831 sollicita
196 1773 288 1851 petiit
301 1792 481 1851 propensum
495 1791 566 1831 voce
580 1772 732 1846 favorem3

70 1887 143 1946 saepe
155 1871 277 1930 ferenda
291 1871 376 1929 dedit
389 1871 509 1929 blandis
524 1890 578 1928 sua
591 1871 685 1930 verba
699 1871 831 1943 tabellis,
861 1904 863 1907 ·

70 1965 206 2026 interdum
220 1968 357 2027 madidas
370 1967 560 2026 lacrimarum
573 1988 640 2027 rore
654 1988 776 2028 coronas

70 2065 190 2138 postibus
203 2067 338 2125 intendit
351 2067 512 2145 posuitque
525 2066 558 2124 in
572 2066 676 2125 limine
691 2068 765 2125 duro

70 2162 146 2220 nolle
157 2163 239 2222 latus
252 2163 409 2242 tristisque
424 2183 506 2223 serae
520 2165 655 2223 convicia
668 2165 750 2224 feeit.
961 2196 999 2235 ,ιο

69 2259 171 2317 saevior
182 2259 237 2318 illa
249 2260 330 2319 freto
344 2266 486 2338 surgente
505 2262 684 2320 radentibus
697 2261 823 2333 Haedis,

70 2354 160 2415 durior
172 2363 202 2417 et
215 2357 306 2430 ferro,
319 2358 399 2435 quod
413 2357 543 2417 Noricus
557 2358 697 2436 excoquit
714 2358 803 2436 ignis,

69 2458 95 2510 et
107 2474 182 2531 saxo,
195 2456 275 2535 quod
289 2456 387 2514 adhue
401 2455 505 2514 vivum
518 2455 619 2514 radice
632 2461 764 2529 tenetur,

69 2554 171 2628 spernit
183 2560 215 2613 et
228 2553 360 2626 inridet;
381 2551 529 2631 fastisque
546 2552 705 2613 inmitibus
718 2553 804 2612 addit

69 2650 149 2710 verba
161 2653 289 2731 superba
301 2651 388 2710 fe1ox
401 2656 433 2709 et
446 2668 498 2728 spe
511 2669 627 2729 quoque
640 2650 763 2709 fraudat
776 2655 935 2711 amantem.
962 2682 997 2723 μ,

26 2850 28 2863 '
94 2871 479 2938 remearaomuase,
494 2873 929 2936 sequestratumque.

70 3032 118 3074 non
132 3021 203 3078 tulit
217 3020 369 3097 inpatiens
383 3020 467 3097 longi
481 3026 632 3078 tormenta
647 3019 757 3078 doloris

34 3190 38 3203 θ
71 3107 142 3186 Iphis
155 3121 186 3173 et
199 3122 272 3174 ante
284 3115 364 3174 fores
379 3116 450 3173 haee
464 3116 557 3174 verba
571 3117 734 3174 novissima
747 3115 843 3174 dixit:

217 3273 290 3323 tot-7
306 3273 389 3320 aaut
400 3271 436 3320 M.
545 3272 591 3322 210
609 3269 725 3334 tristique
739 3272 768 3318 R
