2330 3846
401 342 528 400 LIBER
558 343 642 400 XIV.
903 339 941 398 59

71 473 137 532 velle
149 473 193 531 sui
205 472 337 550 populos,
352 478 407 530 eut
420 492 494 549 quos
507 491 524 530 e
537 477 627 548 gente
641 490 762 531 sucrum

71 575 161 640 umet,
175 569 284 628 hebere
297 570 389 627 viros.
406 575 500 626 ‘neve
514 568 587 627 haec
600 571 767 625 commenta
781 564 904 643 putetis,

71 667 211 725 admonitu
223 684 404 743 quamquam
417 670 581 724 renovetur
594 665 696 723 luctus
710 681 830 741 emerus
963 682 1001 730 ⁴⁶5

72 764 206 840 perpetiar
217 782 381 821 memorare
391 767 501 822 temen.
524 768 681 838 postquem
689 760 753 817 elta
760 765 892 818 cremate
902 764 948 816 est

73 858 142 929 Ilios,
155 865 185 918 et
197 861 320 918 Danaes
334 864 483 936 paverunt
497 859 644 935 Pergama
657 859 756 925 Diras,

74 954 262 1033 Naryciusque
276 957 372 1025 heros,
386 977 404 1014 e
416 955 534 1033 virgine
548 955 666 1032 virgine
679 960 774 1031 rapte,

74 1068 147 1125 quem
158 1053 268 1110 meruit
281 1072 406 1129 poenam
426 1051 516 1120 solus,
531 1051 657 1128 digessit
670 1052 703 1108 in
716 1069 827 1119 omnes,

76 1150 223 1224 spargimur
236 1155 269 1207 et
282 1149 383 1207 ventis
396 1148 517 1206 inimice
530 1168 583 1227 per
597 1167 725 1225 aequora
737 1147 818 1224 rapti
964 1178 1000 1216 47⁰

76 1242 192 1315 fulmina,
207 1252 335 1315 noctem,
349 1246 468 1315 imbres,
483 1245 559 1303 irem
572 1245 704 1322 caelique
718 1244 868 1321 marisque

77 1343 239 1418 perpetimur
252 1342 351 1400 Danai
364 1343 573 1419 cumulumque
588 1343 742 1420 Capherea
755 1341 859 1400 cladis.

78 1455 137 1497 neve
148 1459 243 1499 morer
256 1439 391 1498 referens
405 1441 510 1498 tristes
524 1460 561 1498 ex
575 1439 680 1498 ordine
693 1459 788 1509 cesus,

79 1531 181 1595 tuscie
193 1542 260 1595 tum
273 1538 373 1614 potuit
387 1537 506 1597 Priemc
520 1555 636 1614 quoque
649 1536 747 1594 flenda
760 1535 864 1594 videri.

80 1647 115 1687 me
124 1637 217 1692 temen
231 1633 389 1691 armiferae
403 1639 555 1692 servatum
569 1653 641 1691 cure
654 1634 812 1691 Minervae

81 1726 197 1789 fluctibus
209 1731 332 1808 eripuit.
375 1731 482 1809 patriis
496 1731 547 1789 sed
561 1751 667 1789 rursus
680 1731 718 1788 eb
729 1731 810 1807 egris

81 1824 163 1898 pellor,
176 1834 206 1886 et
218 1830 345 1906 antiquo
359 1848 502 1915 memores
517 1829 554 1886 de
568 1829 692 1887 vulnere
706 1848 816 1905 poenes

82 1921 156 1999 exigit
167 1925 244 1983 elme
258 1926 372 1996 Venus,
387 1933 548 2002 tentosque
561 1945 615 2004 per
628 1925 691 1983 alte
704 1925 821 1983 labores

83 2035 186 2094 aequore
197 2022 337 2091 sustinui,
351 2027 454 2081 tantos
467 2023 662 2081 terrestribus
675 2022 775 2093 ermis,

83 2116 296 2178 utmihifelices
310 2119 374 2177 sint
387 2119 434 2176 illi
448 2139 534 2196 saepe
548 2120 655 2190 vocati,
966 2139 1003 2187 φο
1056 2116 1061 2130 ’

84 2226 139 2283 quos
150 2215 309 2273 communis
322 2216 417 2274 hiems
430 2216 677 2294 importunusque
691 2217 862 2295 Caphereus

83 2308 166 2366 mersit
177 2312 267 2388 equis,
282 2311 448 2388 vellemque
462 2312 569 2371 horum
582 2332 651 2390 pers
664 2332 725 2369 une
738 2312 869 2370 fuissem.

86 2529 133 2581 Alte
141 2534 176 2584 etc
185 2536 291 2600 strueret
301 2541 325 2586 to
335 2538 374 2586 the
385 2539 489 2588 tikcucee
499 2539 616 2601 &swam
626 2555 689 2589 seruc
698 2540 726 2602 os
733 2540 774 2589 uu
784 2541 939 2602 cunctacione

301 2601 354 2651 ttae
364 2603 437 2652 made
448 2603 511 2666 lique
521 2604 550 2666 qs
557 2605 601 2653 ter
611 2619 694 2667 ancer.

87 2733 173 2796 ultime
184 2740 241 2799 iam
254 2742 334 2819 pessi
348 2743 471 2802 comites
484 2740 621 2821 belloque
635 2744 771 2822 fretoque

88 2828 205 2895 deficiunt
216 2839 362 2916 finemque
375 2845 484 2918 rogent
498 2842 615 2901 erroris.
657 2849 691 2900 et
700 2843 817 2901 Acmon

88 2925 198 2992 fervidus
210 2936 337 3013 ingenio,
352 2942 419 2995 tum
432 2957 503 2996 vero
516 2944 548 2996 et
561 2938 697 3000 cladibus
710 2960 806 3017 asper,
967 2961 1002 3010 ,ες

90 3028 104 3055 “
111 3027 169 3101 quid
181 3040 320 3109 superest,
334 3034 414 3111 quod
428 3036 488 3093 iam
501 3036 649 3113 patientie
659 3043 762 3095 vestre
774 3042 890 3096 recuset

90 3117 158 3194 ierre,
170 3128 223 3187 viri
233 3133 244 3190 t
255 3131 263 3157 ¹
278 3131 358 3191 dixit
373 3132 462 3209 ‘quid
475 3133 568 3191 hebet
581 3133 739 3211 Cytherea,
752 3135 832 3213 quod
846 3134 936 3205 ultre,

168 3255 207 3332 iti
223 3283 305 3336 luctus
317 3292 468 3337 renoventur
479 3288 557 3338 umeri
568 3288 603 3338 M.
704 3289 749 3340 467
768 3287 833 3337 Ilion
844 3288 880 3339 M.
