2330 3846
404 290 532 346 LIBER
562 290 642 348 XIV.
906 293 940 351 41

47 427 136 479 utere
150 421 311 497 temptatis
325 438 464 495 operosae
478 419 593 476 viribus
607 419 722 477 herbae.

46 538 103 576 nec
117 518 259 575 medeare
272 517 347 573 mihi
360 535 504 591 sanesque
517 516 589 574 haec
603 517 729 574 vulnera
741 519 860 589 mando,

46 616 169 691 fineque
185 613 229 670 nil
243 633 317 690 opus
330 619 394 670 est:
416 618 531 688 partem
545 612 624 669 ferat
637 613 691 670 illa
704 614 829 673 caloris!

48 780 96 829 sao
114 778 203 826 malcas
218 777 273 825 him
285 777 388 838 proffcrs
405 778 433 839 (ff
447 779 490 826 her
507 794 561 828 occa
578 777 635 835 loce,
656 778 736 827 which
752 778 822 840 bciap
837 778 934 827 secund

48 845 89 893 slcc
106 844 139 905 bn
150 843 198 891 lm
213 842 286 904 apella
301 842 381 889 werke
397 843 426 889 ia
438 844 521 902 Scylla
537 860 554 892 a
564 844 631 891 crud
642 843 732 903 cbaopc
743 844 772 906 of
784 844 864 906 cleope.
900 844 935 891 Ac

270 906 309 954 ilic
320 907 368 955 lact
384 907 469 968 Scylla
479 912 503 960 is
512 909 603 957 tccrrcccl
613 912 636 955 tc
646 912 719 956 alosa

51 1018 83 1070 at
96 1012 322 1085 Circe-neque
335 1009 415 1067 enim
428 1011 555 1070 flammis
568 1012 660 1069 habet
675 1012 776 1089 aptius
790 1012 852 1069 ulla

53 1108 167 1166 talibus
181 1106 345 1182 ingenium,
361 1127 413 1164 seu
427 1127 515 1166 causa
529 1115 575 1166 est
590 1108 678 1165 huius
692 1111 724 1165 in
738 1110 811 1186 ipsa,

55 1227 103 1264 seu
117 1206 227 1263 Venus
241 1203 353 1261 indicio
367 1204 441 1262 facit
456 1206 511 1263 hoc
526 1204 637 1264 offensa
652 1211 816 1282 paterno—

57 1305 126 1361 talia
140 1304 235 1362 verba
248 1302 360 1360 refert:
384 1304 508 1362 ‘melius
522 1325 675 1381 sequerere
690 1305 840 1362 volentem

59 1406 267 1477 optantemque
281 1398 383 1456 eadem
397 1400 544 1476 parilique
558 1400 698 1476 cupidine
712 1406 837 1476 captam.

60 1497 162 1573 dignus
176 1515 244 1553 eras
258 1495 348 1566 ultro,
363 1504 481 1572 poteras
495 1503 643 1573 certeque,
652 1498 760 1573 rogari,

61 1600 95 1659 et,
109 1593 134 1650 si
148 1611 231 1670 spem
247 1591 372 1661 dederis,
387 1593 461 1648 mihi
475 1594 570 1661 crede,
585 1593 736 1669 rogaberis
750 1593 839 1654 ultro.

61 1709 112 1749 neu
127 1688 247 1747 dubites
261 1688 400 1764 absitque
414 1695 484 1746 tuae
499 1691 606 1747 fiducia
619 1669 750 1748 ferinae:

62 1805 95 1842 en
107 1806 168 1862 ego,
184 1805 251 1842 cum
268 1785 323 1841 dea
337 1785 401 1855 sim,
417 1786 509 1843 nitidi
523 1805 591 1844 cum
604 1786 670 1843 filia
681 1787 766 1855 Solis,

62 1884 182 1940 carmine
197 1901 265 1938 cum
279 1887 408 1951 tantum,
420 1888 542 1940 tantum
552 1902 667 1959 quoque
682 1884 814 1959 gramine
828 1886 946 1961 possim,

63 1985 93 2035 ut
105 1988 157 2036 tua
171 1978 237 2047 sim,
253 1997 356 2037 voveo.
379 1986 569 2055 spernentem
584 1998 697 2057 sperne,
714 1982 850 2055 sequenti
978 2016 1000 2050 35

64 2076 146 2132 redde
158 2077 249 2144 vinee,
264 2095 382 2151 unoque
397 2077 471 2133 duas
485 2076 627 2133 ulciscere
641 2075 741 2146 facto‚’

65 2172 130 2229 talia
143 2172 308 2249 temptanti
323 2173 440 2249 ‘prius'
456 2173 556 2248 inquit
572 2174 620 2229 ‘in
634 2192 761 2249 aequore
775 2173 911 2231 frondes’

68 2265 187 2325 Glaucus
204 2273 252 2324 ‘et
266 2267 298 2323 in
313 2270 435 2325 summis
450 2275 612 2326 nascentur
626 2269 778 2326 montibus
792 2269 885 2346 algae,

69 2368 165 2443 sospite
179 2386 269 2443 quam
284 2366 384 2442 Scylla
397 2368 495 2423 nostri
508 2372 665 2424 mutentur
679 2386 801 2425 amores.

70 2461 213 2540 indignata
226 2464 282 2520 dea
295 2467 359 2520 est:
381 2469 412 2520 et
426 2463 543 2520 laedere
557 2469 704 2539 quatenus
718 2464 815 2540 ipsum
977 2497 1001 2531 40

70 2575 116 2617 non
130 2566 258 2637 poterat,
274 2579 328 2617 nec
342 2559 435 2617 vellet
449 2579 561 2629 amans,
577 2561 717 2617 irascitur
726 2560 781 2630 illi,

72 2658 203 2729 quaesibi
217 2656 352 2732 praelata
366 2662 432 2714 est:
454 2656 640 2732 Venerisque
655 2654 766 2714 offensa
781 2656 908 2733 repulsa,

74 2755 192 2825 protinus
208 2752 365 2811 horrendis
379 2751 505 2809 infamia
519 2752 629 2829 pabula
644 2753 722 2810 sucis

75 2853 185 2911 conmrit
199 2856 231 2907 et
245 2851 329 2906 tritis
344 2849 490 2906 Hecateia
504 2851 638 2905 carmina
652 2851 765 2919 miscet,

76 2951 233 3027 caerulaque
247 2951 386 3007 induitur
400 2950 558 3017 velamina,
574 2969 684 3026 perque
698 2950 830 3007 ferarum
977 2983 998 3018 43

78 3060 162 3120 lgmen
175 3048 356 3106 adulantum
371 3047 468 3104 media
481 3047 615 3122 procedit
629 3048 667 3104 ab
681 3047 760 3116 aula,

79 3147 284 3220 ⁰ppcsitumque
298 3150 403 3219 petens
417 3148 522 3200 contra
536 3143 674 3200 Zancleia
688 3163 761 3200 saxa

81 3232 203 3316 Rhegion,
221 3240 391 3316 ingreditur
404 3239 555 3297 ferventes
570 3240 703 3297 aestibus
716 3241 821 3307 undae,

397 3381 428 3430 32
444 3376 560 3442 adsitque
572 3375 600 3424 R.
