2330 3846
423 310 550 368 LIBER
580 310 663 368 XIV.
925 312 963 371 57

72 445 246 516 expectatus
260 447 333 500 erat.
356 440 464 499 famuli
477 441 663 517 populusque
675 460 729 517 per
741 460 844 499 omnes

72 536 246 595 discurrunt
260 537 353 595 silvas
367 543 458 613 atque
471 538 560 595 obvia
574 537 689 594 lumina
702 544 832 614 portant.

72 635 276 693 neosatiseet
290 635 439 711 nymphae
453 635 568 692 flereat
582 635 711 692 lacerare
725 635 848 711 capillos
979 667 1016 703 420

70 736 105 787 et
121 731 190 788 dare
203 732 393 808 plangorem:
416 730 491 788 facit
506 731 578 789 haec
592 738 694 789 tamen
709 731 818 802 omnia,
834 750 922 807 seque

69 828 200 904 proripit
212 848 246 886 ac
260 829 366 885 Latios
380 833 461 885 errat
474 847 586 886 vesana
599 847 652 906 per
665 848 759 904 agros.

68 944 132 982 sex
143 924 223 982 illam
235 930 349 995 noctes,
364 925 492 982 totidem
505 925 663 983 redeuntia
677 925 748 982 solis

48 1050 51 1056 ⁴
68 1021 187 1080 lumina
198 1023 343 1081 viderunt
357 1022 475 1100 inopem
490 1024 643 1099 somnique
655 1023 773 1099 cibique

68 1139 127 1196 par
138 1121 217 1197 iuga,
232 1139 285 1197 per
298 1119 402 1190 valles,
417 1139 477 1196 qua
491 1119 555 1177 fors
569 1119 705 1193 ducebat,
720 1124 850 1177 euntem
977 1152 1013 1190 4²⁵

68 1216 197 1274 ultimus
210 1216 329 1292 aspexit
342 1216 473 1292 Thybris
486 1216 629 1292 luctuque
643 1216 750 1292 viaque

67 1312 180 1371 fessam
194 1318 226 1370 et
239 1314 300 1369 iam
314 1312 403 1389 longa
417 1318 576 1389 ponentem
590 1331 712 1388 corpora
725 1312 796 1390 ripa.

68 1410 131 1467 illio
145 1429 215 1468 cum
228 1409 359 1466 lacrimis
373 1409 437 1486 ipso
451 1409 605 1467 modulata
619 1409 720 1467 dolore

67 1509 162 1566 verba
176 1527 249 1565 sono
263 1507 348 1564 tenui
361 1526 496 1587 maerens
509 1507 665 1576 fundebat,
680 1514 715 1564 ut
728 1508 801 1565 olim

67 1604 202 1662 carmina
215 1603 275 1660 iam
289 1603 418 1661 moriens
432 1603 514 1660 canit
531 1603 699 1679 exequialia
717 1624 839 1681 cygnus
975 1638 1013 1675 ⁴30

66 1701 202 1759 luctibus
217 1707 384 1759 extremum
397 1706 503 1759 tenues
517 1701 680 1777 liquefacta
692 1702 839 1760 medullas

66 1798 181 1869 tabuit,
196 1797 287 1873 inque
301 1797 382 1856 leves
400 1798 548 1874 paulatim
561 1800 686 1856 evanuit
699 1819 796 1857 auras,

64 1897 149 1954 fama
163 1900 267 1953 tamen
281 1895 401 1971 signata
414 1896 477 1954 loco
492 1902 547 1966 est,
562 1915 650 1972 quem
663 1897 722 1955 rite
736 1896 899 1955 Canentem

64 1993 190 2052 nomine
205 1993 242 2051 de
255 1993 405 2071 nymphae
419 1999 537 2051 veteres
552 1993 654 2051 dixere
669 1994 842 2052 Camenae.”

61 2267 200 2317 Macareus
222 2266 250 2314 ia
272 2265 333 2325 sacr
355 2265 383 2325 of
403 2264 491 2314 Otrcc'a
508 2264 647 2326 prophaeta
668 2269 768 2314 resolves
795 2273 819 2314 tc
846 2266 947 2314 wuccdar

443 2344 474 2378 aa
491 2343 564 2377 mccc.

59 2495 144 2557 talia
157 2495 253 2552 multa
267 2496 342 2553 mihi
356 2496 480 2571 longum
493 2500 619 2552 narrata
638 2514 692 2571 per
705 2514 818 2552 annum

58 2596 191 2670 visaque
206 2599 286 2651 sunt.
309 2593 421 2650 resides
436 2598 467 2650 et
482 2592 678 2650 desuetudine
691 2593 774 2650 tardi

57 2710 173 2754 rursus
187 2690 264 2748 inire
277 2690 400 2761 fretum,
415 2710 521 2748 rursus
535 2690 607 2747 dare
620 2690 688 2747 vela
703 2691 856 2748 iubemur:

57 2788 272 2865 ancipitesque
285 2788 350 2845 vias
365 2792 397 2844 et
410 2787 470 2844 iter
483 2787 605 2844 Titania
619 2793 740 2845 vastum

57 2885 188 2946 dixerat
202 2888 233 2940 et
248 2883 329 2940 saevi
343 2889 458 2940 restare
471 2883 603 2960 pericula
621 2885 715 2960 ponti.

57 2979 220 3063 pertimui,
235 2979 348 3037 fateor:
371 2985 536 3055 nactusque
551 2979 605 3037 hoo
621 2980 703 3050 litus,
719 2980 849 3038 adhaesi.

363 3140 408 3189 431
428 3141 546 3191 extremis
556 3143 586 3194 a
