2330 3846
413 319 541 376 LIBER
573 319 650 377 XIV.
919 319 953 377 61

80 452 218 529 inquibus
231 456 320 508 antra
334 450 427 520 videt,
442 469 518 525 quae
531 449 629 505 multa
643 449 748 507 nubila
762 449 839 506 silva

79 555 103 607 et
114 550 224 607 levibus
238 546 343 605 oannis
357 546 515 603 latitantia
530 545 691 622 semicaper
705 547 772 602 Pan
973 574 1010 614 μ,

80 665 146 702 nunc
158 649 258 702 tenet:
279 648 314 700 at
326 643 456 718 quodam
476 647 641 699 tenuerunt
654 647 788 718 tempore
801 642 956 719 nymphae.

80 741 184 816 Apulus
197 741 252 797 has
265 739 320 795 illa
333 744 437 814 pastor
450 737 571 814 regione
586 737 708 815 fugatas

80 839 176 894 munit
188 843 220 894 et
232 838 329 914 primo
344 836 446 894 subita
460 835 620 893 formidine
634 836 749 893 movit:

80 954 145 1004 mox,
158 936 209 993 ubi
222 954 306 992 mens
319 934 410 992 rediit
424 939 456 991 et
469 939 672 1008 contempsere
687 938 868 1009 sequentem,

81 1032 111 1088 ad
123 1051 274 1090 numerum
287 1030 379 1089 motis
392 1030 518 1107 pedibus
532 1030 644 1088 duxere
657 1030 786 1088 choreas.
977 1061 1014 1098 520

81 1129 213 1204 improbat
227 1130 282 1185 has
296 1133 398 1204 pastor
412 1127 550 1203 saltuque
565 1127 703 1184 imitatus
717 1128 830 1204 agresti

81 1222 183 1283 addidit
197 1225 332 1283 obscenis
346 1224 480 1281 convicia
493 1224 608 1280 rustica
621 1223 729 1281 dictis:

82 1340 126 1379 noc
137 1323 217 1398 prius
231 1340 264 1378 os
277 1321 384 1389 tacuit,
399 1339 489 1396 quam
502 1325 629 1394 guttura
640 1320 775 1378 condidit
789 1322 884 1380 arbor.

82 1419 157 1476 arbor
169 1420 248 1476 enim
262 1423 318 1486 est,
334 1436 461 1493 sucoque
474 1418 546 1475 licet
560 1437 735 1494 cognoscere
748 1438 852 1479 mores

83 1515 176 1591 quippe
187 1520 291 1572 notam
305 1513 425 1590 linguae
438 1513 520 1571 loliis
534 1513 662 1572 oleaster
675 1516 785 1574 amaris
979 1548 1014 1586 με

83 1611 205 1670 exhibet:
227 1612 374 1688 asperitas
388 1611 549 1669 verborum
563 1612 652 1669 cessit
665 1612 698 1670 in
711 1612 774 1670 illa.

87 1819 175 1870 Patruus
180 1823 240 1885 fircs
250 1821 291 1869 tte
303 1820 397 1882 Projoa
408 1821 483 1883 stipa,
497 1821 578 1871 abab
589 1823 620 1884 by
630 1823 670 1871 tbc
680 1828 748 1886 preat
756 1825 855 1886 cedaar
868 1825 951 1887 Cybelo

213 1886 267 1935 tuas
278 1886 346 1935 laced
357 1885 421 1935 tham
432 1900 475 1934 ore
486 1886 594 1949 cbaaqed
606 1891 629 1936 to
639 1890 803 1951 sea-aympta.

117 2017 190 2076 Hinc
203 2019 257 2076 ubi
270 2018 365 2094 legati
378 2019 502 2087 rediere,
515 2025 626 2096 negata
640 2020 773 2080 ferentes

85 2134 154 2173 arma
166 2118 275 2176 Aetola
289 2117 355 2188 sibi,
371 2115 482 2174 Rutuli
497 2118 561 2175 sine
575 2119 692 2176 viribus
706 2119 769 2178 illis

34 2274 35 2277 ,
85 2212 152 2270 bella
162 2213 311 2271 instructa
323 2218 441 2290 gerunt.
478 2214 665 2291 multumque
675 2215 713 2272 ab
724 2222 851 2294 utraque
864 2221 976 2278 cruoris

85 2315 158 2384 parte
171 2312 269 2369 datur.
312 2310 373 2368 fert
387 2329 453 2369 ecce
467 2311 572 2369 avidas
586 2312 619 2369 in
632 2314 720 2389 pinea
734 2314 853 2373 Turnus
980 2347 1016 2386 ⁵³0

34 2446 35 2451 κ
85 2413 158 2467 texta
169 2410 259 2479 faces,
274 2410 416 2486 ignesque
429 2407 549 2478 timent,
564 2410 673 2486 quibus
687 2411 768 2468 unda
781 2414 920 2490 pepercit.

84 2503 186 2582 iamque
200 2509 296 2585 picem
308 2510 340 2563 et
354 2525 436 2563 ceras
450 2505 651 2582 alimentaque
664 2512 763 2565 cetera
781 2509 915 2569 flammae

85 2600 220 2663 Mulciber
232 2604 349 2673 urebat,
363 2623 474 2679 perque
489 2603 586 2660 altum
600 2603 638 2660 ad
652 2605 776 2662 carbasa
789 2606 900 2665 malum

34 2744 36 2753 ,
85 2698 146 2773 ibat,
159 2708 190 2760 et
204 2701 347 2759 incurvae
360 2699 520 2757 fumabant
534 2705 669 2758 transtra
682 2702 817 2760 carinae:

34 2808 35 2819 ¹
84 2813 263 2856 commemor
276 2799 330 2855 has
344 2797 434 2874 pinus
448 2796 539 2854 Idaeo
553 2797 666 2855 vertice
680 2816 780 2856 caesas
980 2833 1015 2871 ,35

85 2900 175 2953 ancta
189 2896 276 2953 deum
289 2895 428 2971 genetrix
441 2894 606 2951 tinnitibus
621 2898 689 2952 atra
704 2894 783 2972 pulsi

84 2992 151 3050 aeris
164 2997 194 3050 et
207 2992 304 3049 inflati
318 2990 478 3069 complevit
493 3010 644 3049 murmure
659 2992 740 3060 buxi,

192 3185 237 3231 515
254 3184 341 3231 cannis
352 3182 471 3230 nutantia
483 3183 517 3234 M.
634 3183 681 3231 524
698 3195 757 3231 suco
766 3180 841 3231 liceat
852 3182 886 3232 M.

192 3246 368 3299 tatthaeum
636 3247 683 3299 526
700 3245 804 3297 illati.
