2330 3846
405 325 534 383 LIBER
564 325 647 383 XIV.
911 328 948 385 49

15 499 16 517 1
46 462 194 539 proxima
206 464 274 536 post
288 477 398 515 nonam
412 477 480 515 oum
493 477 557 516 sese
570 478 678 515 aurora
693 464 836 528 moveret,

15 536 17 619 l
45 559 173 617 invidia
187 556 280 614 socios
293 556 479 633 praedaeque
493 556 633 632 cupidine
647 557 743 613 victos

45 674 125 726 esse,
141 668 228 710 ratos
241 670 357 723 aurum,
373 652 536 728 dempsisse
550 651 694 728 ligamina
713 652 830 709 ventis:

45 771 119 810 cum
133 749 246 827 quibus
259 748 318 806 isse
332 753 423 818 retro,
438 767 491 825 per
504 768 578 824 ques
592 748 679 806 modo
693 753 817 806 venerat
831 748 937 819 undas,

46 848 215 923 Aeoliique
227 851 324 903 ratem
338 851 443 921 portus
456 846 600 922 repetisse
614 845 746 921 tyranni.

15 1020 16 1025 η
48 942 144 1002 ‘inde
160 942 246 1000 Lami
260 954 394 999 veterem
407 942 639 1020 Laestrygonis’
652 942 754 1018 inquit
770 942 819 999 ‘in
834 942 937 1000 urbem

46 1043 200 1101 venimus.
223 1041 410 1119 Antiphates
423 1047 505 1099 terra
518 1041 665 1119 regnabat
678 1042 712 1099 in
724 1041 786 1098 illa.

48 1141 165 1197 missus
179 1139 216 1196 ad
231 1138 311 1195 hunc
325 1159 379 1216 ego
393 1158 470 1211 sum,
484 1158 607 1197 numero
622 1139 785 1196 comitante
804 1139 939 1207 duorum,
965 1168 1000 1205 ης

49 1238 167 1312 vixque
180 1235 252 1310 fuga
266 1237 403 1311 quaesita
416 1236 497 1294 salus
511 1237 671 1312 comitique
684 1236 826 1311 mihique,

47 1334 168 1393 tertius
182 1351 198 1390 e
211 1333 299 1391 nobis
312 1333 527 1410 Laestrygonis
540 1333 624 1410 inpia
637 1334 734 1391 tinxit

47 1453 104 1491 ora
119 1450 225 1488 cruore
239 1450 301 1489 suo.
325 1430 512 1507 fugientibus
525 1431 622 1488 instat
635 1437 667 1489 et
680 1450 786 1508 agmen

47 1528 189 1589 concitat
201 1528 396 1605 Antiphates.
420 1533 527 1586 oo‘e'unt
541 1534 572 1586 et
586 1548 659 1586 saxa
673 1530 833 1605 trabesque

48 1626 218 1696 coniciunt,
233 1630 432 1702 merguntque
445 1625 527 1683 viros
541 1632 740 1703 merguntque
753 1626 876 1684 carinas.
963 1656 1000 1692 ψ

50 1812 74 1860 Α
83 1810 205 1859 ramwct
213 1806 242 1868 of
250 1806 313 1855 them
322 1807 384 1854 wilt
397 1807 422 1856 U
421 1808 494 1869 lyceas
504 1808 608 1869 himself
620 1823 701 1869 cecam
713 1807 751 1856 tte
761 1806 935 1868 Laestrygones
988 1860 990 1865 .

50 1876 104 1924 aad
115 1887 181 1922 ccmo
192 1877 214 1920 tc
225 1871 264 1920 ibe
275 1871 361 1919 island
372 1871 401 1932 (ff
410 1870 484 1920 clia.
520 1873 650 1921 Macareus
661 1874 683 1920 is
694 1872 778 1921 ebesan
785 1870 846 1920 wilt
857 1871 935 1920 others

267 1941 290 1983 lo
301 1937 360 1984 risit
370 1936 408 1984 ΗΜ
416 1937 503 1998 palare
514 1938 543 1999 os
550 1938 589 1986 tls
599 1952 720 1986 screaress.

52 2091 115 2129 una
128 2076 241 2140 tamen,
256 2086 332 2144 quae
346 2087 401 2125 nos
415 2068 571 2144 ipsumque
585 2070 714 2127 vehebat
728 2068 850 2138 Ulixen,
958 2103 964 2117 ι

52 2166 168 2245 effugit.
191 2167 302 2223 amissa
316 2163 462 2221 sociorum
476 2171 561 2241 parte
576 2165 711 2223 dolentes

52 2262 214 2337 multaque
228 2258 384 2335 conquesti
397 2258 488 2316 terris
503 2259 672 2316 adlabimur
686 2260 756 2333 illis,

51 2379 128 2438 quas
138 2358 243 2436 procul
253 2356 324 2413 hinc
335 2356 440 2414 cernis.
456 2356 560 2432 procul
574 2362 629 2430 est,
639 2359 712 2415 mihi
725 2359 818 2430 crede,
829 2359 959 2416 videnda

51 2455 162 2525 insula,
177 2454 243 2511 visa
256 2451 349 2508 mihi:
371 2457 474 2527 tuque,
489 2471 506 2509 ο
520 2453 684 2512 iustissime
698 2456 817 2525 Troum·
963 2486 997 2523 245

52 2558 125 2610 nate
139 2552 340 2625 dea—neque
355 2547 435 2605 enim
449 2548 536 2605 finito
550 2550 652 2607 Marte
666 2552 817 2609 vocandus

51 2648 150 2706 hostis
165 2666 206 2718 es,
221 2648 489 2716 Aenea—moneo,
505 2644 576 2722 fuge
590 2646 681 2703 litora
696 2647 801 2707 Circes.

51 2767 108 2805 nos
121 2763 238 2823 quoque
253 2742 375 2801 Circaeo
389 2741 519 2818 religata
532 2742 565 2799 in
578 2743 668 2801 litore
682 2745 764 2822 pinu,

50 2843 243 2920 Antiphatae
257 2858 401 2898 memores
415 2838 656 2917 inmansuetique
677 2842 823 2920 Cyclopia

51 2942 97 2998 ire
110 2939 302 3017 negabamus,
318 2935 369 2993 sed
384 2939 466 2992 tecta
480 2934 584 3011 ignota
598 2937 699 2996 subire

53 3043 135 3095 sorte
150 3053 254 3094 sumus
268 3033 358 3104 lecti;
378 3050 442 3088 sors
456 3049 503 3088 me
516 3031 666 3109 fidumque
680 3035 800 3093 Politen

246 3171 294 3219 230
311 3185 364 3219 esse
375 3174 442 3220 ratos
453 3173 507 3221 sim
515 3175 711 3238 interpraetans
720 3177 791 3228 MR

247 3235 294 3288 244
312 3234 373 3285 hinc
380 3251 428 3301 pro
439 3240 478 3287 est
488 3238 518 3290 B.
