2330 3846
213 297 251 352 68
352 294 488 352 OVIDII
516 292 917 353 MEPAMORPHOSEON

213 427 245 481 et
257 441 458 498 quaecumque
472 425 578 479 tenent
591 422 728 480 Albanos
742 423 866 479 numine
879 428 1005 482 montes.

159 535 196 587 ⁶⁷⁵
211 519 262 576 eod
277 523 313 576 tu
327 518 354 577 oi
367 517 473 596 sapies,
487 516 514 575 ui
527 522 560 576 to
572 517 648 576 bene
661 517 785 595 iungere
798 537 947 597 anumque

212 619 290 677 hone
303 616 407 676 audire
421 615 513 685 voles,
528 633 604 693 quae
617 619 649 673 te
663 614 732 692 plue
745 617 884 675 omnibus
897 616 968 686 illie,

212 715 281 794 plue
294 733 384 792 quom
397 711 503 785 eredis,
518 731 594 785 amo,
609 712 750 790 vulgares
764 719 841 779 reice
854 715 969 784 taedae,

212 813 474 887 Vertumnumque
487 809 548 868 tori
562 810 675 868 socium
688 809 747 869 tibi
762 811 863 889 selige.
885 830 939 889 pro
952 831 1012 889 quo

213 928 259 968 me
273 927 390 986 quoque
403 907 512 985 pignus
526 905 610 964 hebo.
632 908 827 983 nequeenim
847 906 906 966 eibi
926 907 1029 967 notior
1050 909 1099 966 illo

292 1011 348 1074 est,

160 1118 198 1158 eoo
209 1122 299 1181 quam
312 1102 394 1161 mihi.
417 1120 471 1160 neo
485 1101 595 1179 possim
608 1106 674 1159 toto
688 1120 783 1178 vagus
797 1107 878 1159 errat
891 1101 923 1159 in
939 1101 1019 1173 orbe,

212 1200 285 1259 hoec
298 1200 363 1259 loca
376 1198 440 1257 sole
452 1198 612 1273 coliem,
627 1196 675 1255 uti
687 1217 757 1274 pars
770 1217 880 1275 magua
894 1218 1060 1277 procorum,

212 1317 287 1374 ques
298 1297 386 1356 modo
399 1296 488 1367 vidit,
502 1299 601 1353 amet:
622 1299 658 1352 tu
671 1295 785 1373 primus
798 1300 830 1355 et
843 1296 970 1356 ultimus
983 1296 1031 1355 illi

212 1395 302 1453 ardor
314 1394 381 1469 erio,
399 1393 513 1471 solique
528 1412 596 1452 suos
610 1391 669 1450 tibi
683 1393 810 1452 devovet
824 1412 927 1452 annos.

212 1491 298 1563 eddo,
312 1492 390 1569 quod
404 1497 451 1549 eet
464 1489 590 1561 iuvenis,
605 1489 684 1568 quod
698 1490 836 1550 naturale
849 1491 962 1548 deoorie

162 1606 198 1656 ⁶8⁵
209 1608 318 1648 munus
332 1589 425 1647 habet
437 1586 606 1664 formaeque
618 1592 689 1665 apte
701 1586 832 1665 fingetur
845 1587 879 1645 in
892 1607 1005 1660 omnes,

213 1692 244 1744 et
257 1686 335 1762 quod
350 1685 409 1745 erit
421 1685 529 1757 iussus,
543 1683 646 1745 iubeas
660 1683 731 1742 lieet
744 1684 852 1757 omnia,
867 1684 929 1744 fiet.

212 1781 294 1860 quid,
321 1782 399 1858 quod
430 1779 538 1839 ametis
568 1779 666 1839 idemt
700 1780 788 1857 quod,
818 1799 894 1857 quae
923 1781 984 1841 tibi
1014 1802 1100 1860 pomo

242 1882 244 1885 ’
293 1879 442 1950 coluntur,

212 1975 326 2054 primus
339 1976 440 2048 hebet,
455 1975 593 2052 laeteque
605 1979 691 2032 tenet
705 1980 759 2033 tue
771 1994 895 2034 munere
908 1977 1038 2037 dextret

212 2072 265 2132 sed
278 2092 375 2150 neque
387 2072 447 2130 iam
457 2071 539 2131 fetus
553 2071 702 2132 desiderat
715 2072 820 2132 arbore
834 2074 980 2152 demptos,

161 2188 198 2240 ⁶90
211 2188 275 2240 neo,
289 2189 364 2247 quas
377 2169 485 2227 hortus
496 2168 563 2241 elit,
578 2188 646 2227 oum
659 2168 738 2228 sucis
751 2169 877 2229 mitibus
890 2170 1009 2245 herboo,

212 2267 446 2344 necquicquam,
460 2265 520 2324 nisi
535 2271 574 2324 te.
596 2265 735 2333 miserere
748 2266 893 2341 ardentis,
906 2272 939 2326 et
951 2268 1062 2346 ipsum,

211 2364 290 2441 quod
304 2363 390 2441 petit,
405 2383 456 2422 ore
469 2382 534 2421 meo
547 2368 733 2440 praesentem
746 2364 833 2423 erede
846 2366 969 2444 precari.

227 2591 831 2656 Topormodehortotoperilouedmomoer
847 2594 1104 2656 memmium

519 2657 800 2721 lueratokofdypme.

212 2814 383 2892 ultoresque
396 2814 466 2873 deos
479 2819 511 2872 et
524 2819 643 2891 pectore
657 2817 733 2873 duro
746 2835 880 2894 perosam

212 2911 330 2970 Idalien
344 2930 560 2989 memoremque
573 2911 647 2970 time
660 2911 875 2971 Rhamnusidis
893 2913 976 2972 iram

159 3027 196 3077 ⁶⁹⁵
209 3027 325 3086 quoque
338 3007 434 3086 megie
447 3007 718 3081 timeae—etenim
730 3009 805 3068 mihi
818 3009 916 3069 multa
928 3015 1074 3072 vetustae

287 3164 334 3213 680
350 3166 405 3212 toto
416 3162 507 3226 possim
518 3163 553 3212 M.
684 3167 730 3216 681
745 3164 855 3215 neoloou
866 3165 1000 3228 megnuM.
