2322 3848
428 281 556 338 LIBER
587 281 682 340 XIII.
936 283 973 340 39

71 431 174 483 terra,
189 410 256 469 vale
269 414 274 469 !
287 411 293 436 ’
308 410 372 467 dixi
385 429 549 487 corpusque
563 412 618 468 sub
633 431 762 487 aequora
774 413 873 473 mersi.

72 510 106 568 di
121 508 220 566 maris
234 512 390 583 exceptum
404 508 482 565 socio
497 507 664 584 dignantur
678 509 799 580 honore,

72 613 177 683 utque
191 604 266 661 mihi
279 623 479 680 quaecumque
492 604 588 662 feram
602 606 750 677 mortalia,
766 607 896 676 demant,

74 707 236 763 Oceanum
248 700 426 778 Tethynque
438 708 555 778 rogant.
579 721 633 780 ego
647 703 762 760 lustror
775 703 815 760 ab
829 703 899 773 illis,

74 808 108 859 et
122 804 278 877 purgante
292 797 378 856 nefas
391 799 516 856 noviens
529 798 604 855 mihi
618 800 749 856 carmine
763 799 844 856 dicto

74 904 206 976 pectora
219 896 393 953 fluminibus
406 895 510 953 iubeor
525 915 690 973 supponere
704 902 833 954 centum.

75 1016 134 1056 nec
148 1014 245 1064 mora,
260 994 388 1051 diversis
401 993 479 1069 lapsi
493 993 530 1051 de
543 995 681 1070 partibus
695 1013 797 1052 amnes

77 1100 211 1168 totaque
224 1094 388 1148 vertuntur
401 1109 491 1166 supra
504 1094 595 1166 caput
608 1108 736 1166 aequora
751 1095 897 1149 nostrum.
994 1121 1030 1161 9⁵⁵

76 1191 231 1247 hactenus
245 1191 311 1243 acta
324 1185 383 1242 tibi
397 1204 516 1262 possum
530 1187 721 1244 memoranda
734 1186 866 1245 referre:

77 1289 234 1345 hactenus
247 1283 319 1340 haec
332 1283 464 1340 memini.
486 1302 541 1340 nec
554 1302 638 1340 mens
651 1301 716 1340 mea
730 1289 829 1340 cetera
843 1285 944 1342 sensit.

77 1401 160 1460 quae
175 1384 336 1456 postquam
348 1378 448 1448 rediit,
462 1379 555 1435 alium
568 1398 616 1436 me
629 1398 750 1456 corpore
764 1385 829 1436 toto

78 1501 114 1537 ao
128 1479 253 1536 fueram
266 1494 361 1552 nuper
374 1494 469 1552 neque
483 1476 611 1533 eundem
624 1482 725 1535 mente
739 1477 843 1553 recepi.

79 1578 162 1634 hanc
177 1580 313 1650 agotum
327 1572 457 1648 primum
470 1574 598 1630 viridem
611 1573 764 1652 ferrugine
778 1576 902 1632 barbam
918 1620 924 1638 .
995 1594 1032 1645 960

79 1672 305 1747 caesariemque
317 1688 422 1740 meam,
438 1689 526 1746 quam
540 1671 630 1748 longa
644 1692 697 1748 per
710 1692 838 1748 aequora
852 1691 947 1744 verro,
987 1710 988 1714 =

79 1773 284 1849 ingentesque
298 1786 415 1824 umeros
429 1772 460 1823 et
474 1766 592 1825 caerula
605 1768 743 1825 bracchia
756 1769 820 1825 vidi

79 1884 233 1940 cruraque
246 1864 402 1940 pinnigero
416 1868 541 1920 curvata
555 1864 717 1921 novissima
730 1865 817 1942 pisce.

79 1964 157 2041 quid
172 1967 276 2018 tamen
290 1960 363 2016 haec
377 1958 495 2034 speeies,
511 1960 583 2035 quid
598 1960 644 2016 dis
658 1959 804 2036 placuisse
817 1962 949 2033 marinis

79 2060 157 2138 quid
172 2059 260 2114 iuvat
275 2075 338 2113 esse
353 2056 449 2127 deum,
466 2057 542 2113 situ
555 2076 616 2113 non
632 2059 765 2135 tangeris
779 2059 886 2116 istist’
995 2078 1030 2127 9⁶⁵

175 2263 261 2325 Scylla
277 2263 331 2312 still
343 2262 411 2325 fleas,
433 2262 485 2310 aad
504 2262 616 2311 isosceles
635 2263 673 2312 the
692 2264 737 2312 oid
754 2263 783 2325 of
799 2263 874 2312 Circe.

80 2408 163 2466 talia
179 2405 335 2474 dicentem,
351 2403 502 2460 dicturum
516 2403 612 2480 plura,
627 2404 749 2480 reliquit

80 2504 190 2583 Scylla
204 2503 300 2559 deum.
323 2502 400 2558 furit
414 2501 466 2558 ille
481 2502 685 2578 inritatusque
698 2501 819 2579 repulsa

80 2600 260 2681 prodigiosa
274 2598 351 2674 petit
364 2596 521 2654 Titanidos
535 2596 614 2654 atria
629 2597 737 2654 Circes.

466 2776 512 2829 967
530 2775 613 2829 furens
624 2776 659 2829 M.
