2322 3848
211 300 248 357 22
350 298 489 358 OVIDII
515 297 915 360 METAMORPHOSEON

157 458 194 496 ,ω
206 427 322 486 felioem
336 427 489 486 Priamum
502 434 570 506 post
583 429 685 505 diruta
697 430 843 508 Pergama
855 431 935 490 dicit

209 524 284 582 felix
296 532 393 583 morte
406 545 460 583 sua
473 532 529 584 est.
551 546 604 584 neo
618 532 658 596 te,
673 544 739 585 mea
752 534 833 600 nata,
846 535 1031 607 peremptam

210 622 325 699 aspioit,
340 629 372 680 et
385 623 480 682 vitam
493 624 607 701 puriter
618 644 802 702 regnumque
815 625 946 703 reliquit.

221 790 1099 910 δῆιωίὶῑραῃὴινάαωφὴωνῖὶήἷῗᾲωήεω,απάῖίυοοπίονῑοωο]

603 875 644 923 oy
720 897 726 910 .

209 971 250 1038 at,
265 970 348 1042 puto,
363 966 520 1024 funeribus
533 967 684 1039 dotabere,
698 967 780 1046 regia
793 968 886 1045 virgo,

209 1063 410 1141 condeturque
423 1068 511 1121 tuum
524 1065 725 1123 monumentis
738 1085 843 1142 eorpus
857 1065 959 1125 avitis.

158 1188 194 1227 μς
208 1178 269 1218 non
283 1160 356 1218 haeo
368 1165 416 1218 est
429 1160 552 1218 fortuna
566 1162 680 1219 domus.
702 1161 761 1219 tibi
774 1182 898 1220 munera
910 1162 1018 1222 matris

210 1256 386 1333 contingent
395 1257 483 1314 fletus
496 1257 725 1335 peregrinaeque
739 1259 865 1316 haustus
878 1259 1016 1319 harenae.

210 1353 309 1411 omnia
321 1353 523 1430 perdidimus:
545 1360 689 1430 superest,
704 1374 757 1412 our
770 1355 871 1413 vivere
884 1361 1005 1433 tempus

210 1450 243 1507 in
256 1452 345 1508 breve
359 1451 532 1522 sustineam,
546 1452 644 1528 proles
658 1452 829 1529 gratissima
841 1454 941 1524 matri,

211 1567 289 1605 nuno
302 1547 391 1618 solus,
405 1548 555 1624 quondam
568 1548 708 1606 minimus
723 1550 759 1607 de
773 1550 867 1627 stirpe
880 1549 971 1624 virili,
1032 1536 1035 1543 ‚

159 1675 195 1711 ⁵30
208 1643 261 1701 has
275 1645 363 1702 datus
377 1643 503 1701 Ismario
517 1644 581 1721 regi
594 1644 761 1721 Polydorus
775 1646 809 1702 in
822 1665 895 1705 oras.

209 1740 281 1817 quid
295 1760 393 1798 moror
406 1741 521 1798 interea
534 1740 665 1798 crudelia
679 1741 805 1800 vulnera
817 1742 949 1821 lymphis

211 1837 331 1896 abluere
344 1842 376 1895 et
389 1856 506 1913 sparsos
519 1837 621 1895 inmiti
635 1838 779 1915 sanguine
792 1840 895 1899 vultus
906 1840 934 1899 l'

223 1991 271 2041 sse
285 1992 356 2055 finds
372 1991 412 2040 tis
429 1993 544 2054 eranqled
561 1993 622 2054 body
640 2008 671 2042 os
689 1993 729 2042 tte
744 1995 859 2045 sambore.
876 2011 879 2015 ·
903 1996 958 2046 Her
971 1999 1099 2061 amere

604 2072 701 2107 serrato.

212 2163 290 2221 dixit
303 2169 335 2222 et
348 2163 385 2220 ad
400 2163 474 2221 litus
488 2183 577 2242 passu
590 2165 733 2241 prooessit
746 2165 829 2238 anili,

158 2308 160 2311 ,
211 2261 347 2319 albentes
361 2261 490 2319 lacerata
503 2280 608 2320 comas.
634 2262 731 2333 ‘date,
745 2262 883 2335 Troades,
898 2267 1023 2322 urnam'

160 2389 195 2427 535
210 2358 327 2416 dixerat
339 2357 456 2429 infelix,
471 2356 600 2433 liquidas
613 2357 749 2415 hauriret
762 2363 798 2416 ut
812 2360 923 2418 undas:

212 2455 319 2531 aspicit
332 2455 459 2513 eiectum
473 2454 616 2530 Polydori
630 2455 663 2511 in
676 2455 765 2513 litore
778 2475 892 2533 eorpus,

212 2552 349 2630 laetaque
362 2551 506 2610 Threiciis
520 2551 656 2627 ingentia
669 2552 794 2610 vulnera
807 2553 886 2613 telis.

212 2649 341 2709 Troades
355 2648 531 2708 exclamant.
555 2648 707 2707 obmutuit
719 2648 774 2707 illa
788 2650 897 2722 dolore,
937 2652 940 2656 ’

212 2752 243 2806 et
256 2746 369 2824 pariter
382 2766 467 2803 voees
481 2744 674 2821 lacrimasque
688 2745 837 2804 introrsus
851 2748 971 2806 obortas

161 2874 197 2913 ⁵⁴0
210 2844 333 2901 devorat
347 2844 409 2920 ipse
423 2842 514 2900 dolor.
537 2842 669 2919 duroque
683 2841 836 2900 simillima
849 2863 920 2902 saxo

211 2946 321 3018 torpet,
335 2946 367 2998 et
380 2940 505 2997 adversa
518 2939 585 3017 figit
598 2940 684 2998 modo
698 2939 812 2998 lumina
825 2947 914 3012 terra,
961 2984 963 2989 .

213 3037 364 3094 interdum
377 3041 479 3093 torvos
494 3035 627 3094 sustollit
640 3037 678 3094 ad
692 3037 814 3096 aethera
827 3039 940 3112 vultus,

213 3153 293 3192 nuno
306 3134 396 3210 positi
410 3139 524 3209 spectat
537 3133 664 3206 vultum,
680 3154 759 3192 nunc
778 3134 904 3194 vulnera
916 3137 992 3208 nati,

212 3231 338 3292 vulnera
352 3232 515 3312 praecipue,
528 3250 615 3311 seque
629 3237 726 3292 armat
739 3238 771 3290 et
784 3233 910 3292 instruit
924 3235 976 3295 ira.
