<?xml version="1.0" encoding="UTF-8"?>
<!DOCTYPE html PUBLIC "-//W3C//DTD XHTML 1.0 Transitional//EN"
    "http://www.w3.org/TR/xhtml1/DTD/xhtml1-transitional.dtd">
<html xmlns="http://www.w3.org/1999/xhtml" xml:lang="en" lang="en">
 <head>
  <title>
</title>
<meta http-equiv="Content-Type" content="text/html;charset=utf-8" />
  <meta name='ocr-system' content='tesseract 3.04.00' />
  <meta name='ocr-capabilities' content='ocr_page ocr_carea ocr_par ocr_line ocrx_word'/>
</head>
<body>
  <div class='ocr_page' id='page_1' title='image "./metamorphoseonx00ovidgoog_0078.png"; bbox 0 0 2322 3848; ppageno 0'>
   <div class='ocr_carea' id='block_1_1' title="bbox 394 309 964 373">
    <p class='ocr_par' dir='ltr' id='par_1_1' title="bbox 394 309 964 373">
     <span class='ocr_line' id='line_1_1' title="bbox 394 309 964 373; baseline -0.011 0"><span class='ocrx_word' id='word_1_1' title='bbox 394 314 524 373; x_wconf 77' lang='lat' dir='ltr'><em>LIBER</em></span> <span class='ocrx_word' id='word_1_2' title='bbox 544 313 637 372; x_wconf 85' lang='lat' dir='ltr'><em>XIII</em></span> <span class='ocrx_word' id='word_1_3' title='bbox 931 309 964 368; x_wconf 92' lang='lat' dir='ltr'>ll</span> 
     </span>
    </p>
   </div>
   <div class='ocr_carea' id='block_1_2' title="bbox 61 444 1024 2652">
    <p class='ocr_par' dir='ltr' id='par_1_2' title="bbox 62 444 1019 620">
     <span class='ocr_line' id='line_1_2' title="bbox 62 444 1019 527; baseline -0.006 -19"><span class='ocrx_word' id='word_1_4' title='bbox 62 458 115 511; x_wconf 80' lang='lat' dir='ltr'>rna</span> <span class='ocrx_word' id='word_1_5' title='bbox 129 448 243 527; x_wconf 86' lang='lat' dir='ltr'>probat</span> <span class='ocrx_word' id='word_1_6' title='bbox 256 453 288 508; x_wconf 91' lang='lat' dir='ltr'>et</span> <span class='ocrx_word' id='word_1_7' title='bbox 301 447 380 506; x_wconf 81' lang='lat' dir='ltr'>socio</span> <span class='ocrx_word' id='word_1_8' title='bbox 393 466 510 523; x_wconf 76' lang='lat' dir='ltr'>semper</span> <span class='ocrx_word' id='word_1_9' title='bbox 522 445 646 503; x_wconf 87' lang='lat' dir='ltr'>confidit</span> <span class='ocrx_word' id='word_1_10' title='bbox 660 444 762 504; x_wconf 80' lang='lat' dir='ltr'><strong>Ulixe.</strong></span> <span class='ocrx_word' id='word_1_11' title='bbox 979 479 1019 518; x_wconf 72' lang='lat'>,40</span> 
     </span>
     <span class='ocr_line' id='line_1_3' title="bbox 63 537 787 620; baseline -0.011 -18"><span class='ocrx_word' id='word_1_12' title='bbox 63 550 115 603; x_wconf 90' lang='lat' dir='ltr'>est</span> <span class='ocrx_word' id='word_1_13' title='bbox 130 542 258 620; x_wconf 88' lang='lat' dir='ltr'>aliquid,</span> <span class='ocrx_word' id='word_1_14' title='bbox 272 541 309 601; x_wconf 91' lang='lat' dir='ltr'>de</span> <span class='ocrx_word' id='word_1_15' title='bbox 323 546 371 600; x_wconf 87' lang='lat' dir='ltr'>tot</span> <span class='ocrx_word' id='word_1_16' title='bbox 384 541 544 600; x_wconf 77' lang='lat' dir='ltr'>Graiorum</span> <span class='ocrx_word' id='word_1_17' title='bbox 556 539 679 598; x_wconf 87' lang='lat' dir='ltr'>milibus</span> <span class='ocrx_word' id='word_1_18' title='bbox 692 537 787 596; x_wconf 75' lang='lat' dir='ltr'>tinum</span> 
     </span>
    </p>

    <p class='ocr_par' dir='ltr' id='par_1_3' title="bbox 61 633 755 713">
     <span class='ocr_line' id='line_1_4' title="bbox 61 633 755 713; baseline -0.007 -17"><span class='ocrx_word' id='word_1_19' title='bbox 61 659 81 696; x_wconf 84' lang='lat' dir='ltr'>a</span> <span class='ocrx_word' id='word_1_20' title='bbox 96 635 250 696; x_wconf 79' lang='lat' dir='ltr'>Diomede</span> <span class='ocrx_word' id='word_1_21' title='bbox 262 636 341 713; x_wconf 82' lang='lat' dir='ltr'>legi:</span> <span class='ocrx_word' id='word_1_22' title='bbox 360 653 415 693; x_wconf 89' lang='lat' dir='ltr'>neo</span> <span class='ocrx_word' id='word_1_23' title='bbox 428 653 475 692; x_wconf 91' lang='lat' dir='ltr'>me</span> <span class='ocrx_word' id='word_1_24' title='bbox 489 653 552 692; x_wconf 89' lang='lat' dir='ltr'>sors</span> <span class='ocrx_word' id='word_1_25' title='bbox 565 634 610 690; x_wconf 91' lang='lat' dir='ltr'>ire</span> <span class='ocrx_word' id='word_1_26' title='bbox 623 633 755 691; x_wconf 88' lang='lat' dir='ltr'>iubebat.</span> 
     </span>
    </p>

    <p class='ocr_par' dir='ltr' id='par_1_4' title="bbox 61 720 873 807">
     <span class='ocr_line' id='line_1_5' title="bbox 61 720 873 807; baseline -0.01 -17"><span class='ocrx_word' id='word_1_27' title='bbox 61 750 136 790; x_wconf 89' lang='lat' dir='ltr'>sum</span> <span class='ocrx_word' id='word_1_28' title='bbox 149 737 255 789; x_wconf 90' lang='lat' dir='ltr'>tamen</span> <span class='ocrx_word' id='word_1_29' title='bbox 267 737 300 788; x_wconf 92' lang='lat' dir='ltr'>et</span> <span class='ocrx_word' id='word_1_30' title='bbox 313 735 413 807; x_wconf 87' lang='lat' dir='ltr'>spreto</span> <span class='ocrx_word' id='word_1_31' title='bbox 427 728 582 804; x_wconf 86' lang='lat' dir='ltr'>noctisque</span> <span class='ocrx_word' id='word_1_32' title='bbox 595 727 749 804; x_wconf 87' lang='lat' dir='ltr'>hostisque</span> <span class='ocrx_word' id='word_1_33' title='bbox 762 720 873 803; x_wconf 89' lang='lat' dir='ltr'>periclo</span> 
     </span>
    </p>

    <p class='ocr_par' dir='ltr' id='par_1_5' title="bbox 63 818 878 996">
     <span class='ocr_line' id='line_1_6' title="bbox 63 818 878 898; baseline -0.007 -15"><span class='ocrx_word' id='word_1_34' title='bbox 63 844 163 884; x_wconf 86' lang='lat' dir='ltr'>ansus</span> <span class='ocrx_word' id='word_1_35' title='bbox 177 830 210 883; x_wconf 88' lang='lat' dir='ltr'>et</span> <span class='ocrx_word' id='word_1_36' title='bbox 223 842 331 882; x_wconf 85' lang='lat' dir='ltr'>ausum</span> <span class='ocrx_word' id='word_1_37' title='bbox 344 821 446 882; x_wconf 90' lang='lat' dir='ltr'>eadem</span> <span class='ocrx_word' id='word_1_38' title='bbox 459 819 593 898; x_wconf 85' lang='lat' dir='ltr'>Phrygia</span> <span class='ocrx_word' id='word_1_39' title='bbox 606 819 644 878; x_wconf 88' lang='lat' dir='ltr'>de</span> <span class='ocrx_word' id='word_1_40' title='bbox 656 826 747 897; x_wconf 85' lang='lat' dir='ltr'>gente</span> <span class='ocrx_word' id='word_1_41' title='bbox 760 818 878 877; x_wconf 86' lang='lat' dir='ltr'>Dolona</span> 
     </span>
     <span class='ocr_line' id='line_1_7' title="bbox 65 916 851 996; baseline -0.009 -14"><span class='ocrx_word' id='word_1_42' title='bbox 65 921 234 982; x_wconf 79' lang='lat' dir='ltr'><strong>interimo:</strong></span> <span class='ocrx_word' id='word_1_43' title='bbox 256 939 317 979; x_wconf 92' lang='lat' dir='ltr'>non</span> <span class='ocrx_word' id='word_1_44' title='bbox 331 926 403 979; x_wconf 91' lang='lat' dir='ltr'>ante</span> <span class='ocrx_word' id='word_1_45' title='bbox 416 926 528 992; x_wconf 86' lang='lat' dir='ltr'>tamen,</span> <span class='ocrx_word' id='word_1_46' title='bbox 542 938 632 996; x_wconf 90' lang='lat' dir='ltr'>quam</span> <span class='ocrx_word' id='word_1_47' title='bbox 645 924 755 976; x_wconf 85' lang='lat' dir='ltr'>cuncta</span> <span class='ocrx_word' id='word_1_48' title='bbox 767 916 851 995; x_wconf 80' lang='lat' dir='ltr'>coegi</span> 
     </span>
    </p>

    <p class='ocr_par' dir='ltr' id='par_1_6' title="bbox 66 1015 845 1098">
     <span class='ocr_line' id='line_1_8' title="bbox 66 1015 845 1098; baseline -0.009 -20"><span class='ocrx_word' id='word_1_49' title='bbox 66 1019 208 1098; x_wconf 86' lang='lat' dir='ltr'>prodere,</span> <span class='ocrx_word' id='word_1_50' title='bbox 223 1024 255 1076; x_wconf 89' lang='lat' dir='ltr'>et</span> <span class='ocrx_word' id='word_1_51' title='bbox 268 1018 387 1088; x_wconf 84' lang='lat' dir='ltr'>edidici,</span> <span class='ocrx_word' id='word_1_52' title='bbox 401 1016 473 1094; x_wconf 92' lang='lat' dir='ltr'>quid</span> <span class='ocrx_word' id='word_1_53' title='bbox 488 1015 601 1094; x_wconf 86' lang='lat' dir='ltr'>perfida</span> <span class='ocrx_word' id='word_1_54' title='bbox 614 1015 703 1074; x_wconf 79' lang='lat' dir='ltr'>Troia</span> <span class='ocrx_word' id='word_1_55' title='bbox 717 1019 845 1092; x_wconf 89' lang='lat' dir='ltr'>pararet.</span> 
     </span>
    </p>

    <p class='ocr_par' dir='ltr' id='par_1_7' title="bbox 66 1110 887 1191">
     <span class='ocr_line' id='line_1_9' title="bbox 66 1110 887 1191; baseline -0.007 -16"><span class='ocrx_word' id='word_1_56' title='bbox 66 1116 173 1175; x_wconf 88' lang='lat' dir='ltr'>omnia</span> <span class='ocrx_word' id='word_1_57' title='bbox 187 1132 355 1191; x_wconf 84' lang='lat' dir='ltr'>cognoram,</span> <span class='ocrx_word' id='word_1_58' title='bbox 368 1132 432 1185; x_wconf 88' lang='lat' dir='ltr'>neo,</span> <span class='ocrx_word' id='word_1_59' title='bbox 446 1113 524 1191; x_wconf 92' lang='lat' dir='ltr'>quod</span> <span class='ocrx_word' id='word_1_60' title='bbox 539 1112 716 1190; x_wconf 82' lang='lat' dir='ltr'>specularer,</span> <span class='ocrx_word' id='word_1_61' title='bbox 731 1110 887 1183; x_wconf 81' lang='lat' dir='ltr'>habebam,</span> 
     </span>
    </p>

    <p class='ocr_par' dir='ltr' id='par_1_8' title="bbox 66 1210 805 1292">
     <span class='ocr_line' id='line_1_10' title="bbox 66 1210 805 1292; baseline -0.005 -18"><span class='ocrx_word' id='word_1_62' title='bbox 66 1222 101 1274; x_wconf 88' lang='lat' dir='ltr'>et</span> <span class='ocrx_word' id='word_1_63' title='bbox 115 1215 178 1272; x_wconf 89' lang='lat' dir='ltr'>iam</span> <span class='ocrx_word' id='word_1_64' title='bbox 192 1213 338 1292; x_wconf 90' lang='lat' dir='ltr'>promissa</span> <span class='ocrx_word' id='word_1_65' title='bbox 351 1218 486 1291; x_wconf 91' lang='lat' dir='ltr'>poteram</span> <span class='ocrx_word' id='word_1_66' title='bbox 501 1230 568 1269; x_wconf 91' lang='lat' dir='ltr'>cum</span> <span class='ocrx_word' id='word_1_67' title='bbox 581 1210 670 1269; x_wconf 89' lang='lat' dir='ltr'>laude</span> <span class='ocrx_word' id='word_1_68' title='bbox 683 1211 805 1271; x_wconf 86' lang='lat' dir='ltr'>reverti.</span> 
     </span>
    </p>

    <p class='ocr_par' dir='ltr' id='par_1_9' title="bbox 67 1307 730 1389">
     <span class='ocr_line' id='line_1_11' title="bbox 67 1307 730 1389; baseline -0.009 -18"><span class='ocrx_word' id='word_1_69' title='bbox 67 1311 153 1371; x_wconf 89' lang='lat' dir='ltr'>haud</span> <span class='ocrx_word' id='word_1_70' title='bbox 167 1317 330 1371; x_wconf 85' lang='lat' dir='ltr'>contentus</span> <span class='ocrx_word' id='word_1_71' title='bbox 342 1330 377 1369; x_wconf 92' lang='lat' dir='ltr'>eo</span> <span class='ocrx_word' id='word_1_72' title='bbox 391 1310 466 1389; x_wconf 91' lang='lat' dir='ltr'>petii</span> <span class='ocrx_word' id='word_1_73' title='bbox 479 1309 612 1367; x_wconf 88' lang='lat' dir='ltr'>tentoria</span> <span class='ocrx_word' id='word_1_74' title='bbox 626 1307 730 1381; x_wconf 87' lang='lat' dir='ltr'>Rhesi,</span> 
     </span>
    </p>

    <p class='ocr_par' dir='ltr' id='par_1_10' title="bbox 66 1404 810 1486">
     <span class='ocr_line' id='line_1_12' title="bbox 66 1404 810 1486; baseline -0.007 -20"><span class='ocrx_word' id='word_1_75' title='bbox 66 1410 162 1486; x_wconf 91' lang='lat' dir='ltr'>inque</span> <span class='ocrx_word' id='word_1_76' title='bbox 177 1409 240 1465; x_wconf 88' lang='lat' dir='ltr'>suis</span> <span class='ocrx_word' id='word_1_77' title='bbox 253 1408 351 1485; x_wconf 86' lang='lat' dir='ltr'>ipsum</span> <span class='ocrx_word' id='word_1_78' title='bbox 364 1406 473 1465; x_wconf 87' lang='lat' dir='ltr'>castris</span> <span class='ocrx_word' id='word_1_79' title='bbox 486 1407 666 1482; x_wconf 79' lang='lat' dir='ltr'>comitesque</span> <span class='ocrx_word' id='word_1_80' title='bbox 680 1404 810 1483; x_wconf 86' lang='lat' dir='ltr'>peremi:</span> 
     </span>
    </p>

    <p class='ocr_par' dir='ltr' id='par_1_11' title="bbox 67 1503 764 1582">
     <span class='ocr_line' id='line_1_13' title="bbox 67 1503 764 1582; baseline -0.004 -19"><span class='ocrx_word' id='word_1_81' title='bbox 67 1511 164 1582; x_wconf 84' lang='lat' dir='ltr'>atque</span> <span class='ocrx_word' id='word_1_82' title='bbox 178 1505 223 1561; x_wconf 91' lang='lat' dir='ltr'>ita</span> <span class='ocrx_word' id='word_1_83' title='bbox 233 1505 361 1582; x_wconf 89' lang='lat' dir='ltr'>captivo,</span> <span class='ocrx_word' id='word_1_84' title='bbox 375 1504 474 1561; x_wconf 85' lang='lat' dir='ltr'>victor</span> <span class='ocrx_word' id='word_1_85' title='bbox 487 1503 624 1579; x_wconf 86' lang='lat' dir='ltr'>votisque</span> <span class='ocrx_word' id='word_1_86' title='bbox 639 1503 764 1580; x_wconf 86' lang='lat' dir='ltr'>potitus,</span> 
     </span>
    </p>

    <p class='ocr_par' dir='ltr' id='par_1_12' title="bbox 67 1598 778 1680">
     <span class='ocr_line' id='line_1_14' title="bbox 67 1598 778 1680; baseline -0.001 -21"><span class='ocrx_word' id='word_1_87' title='bbox 67 1600 226 1680; x_wconf 83' lang='lat' dir='ltr'>ingredior</span> <span class='ocrx_word' id='word_1_88' title='bbox 239 1621 330 1659; x_wconf 87' lang='lat' dir='ltr'>curru</span> <span class='ocrx_word' id='word_1_89' title='bbox 343 1600 439 1658; x_wconf 85' lang='lat' dir='ltr'>laetos</span> <span class='ocrx_word' id='word_1_90' title='bbox 453 1600 592 1657; x_wconf 80' lang='lat' dir='ltr'>imitante</span> <span class='ocrx_word' id='word_1_91' title='bbox 603 1598 778 1676; x_wconf 87' lang='lat' dir='ltr'>triumphos.</span> 
     </span>
    </p>

    <p class='ocr_par' dir='ltr' id='par_1_13' title="bbox 67 1695 882 1775">
     <span class='ocr_line' id='line_1_15' title="bbox 67 1695 882 1775; baseline -0.006 -19"><span class='ocrx_word' id='word_1_92' title='bbox 67 1701 156 1757; x_wconf 84' lang='lat' dir='ltr'>onius</span> <span class='ocrx_word' id='word_1_93' title='bbox 170 1708 262 1775; x_wconf 86' lang='lat' dir='ltr'>equos</span> <span class='ocrx_word' id='word_1_94' title='bbox 275 1698 406 1775; x_wconf 89' lang='lat' dir='ltr'>pretium</span> <span class='ocrx_word' id='word_1_95' title='bbox 420 1715 474 1774; x_wconf 91' lang='lat' dir='ltr'>pro</span> <span class='ocrx_word' id='word_1_96' title='bbox 487 1702 575 1754; x_wconf 86' lang='lat' dir='ltr'>noete</span> <span class='ocrx_word' id='word_1_97' title='bbox 589 1701 763 1774; x_wconf 83' lang='lat' dir='ltr'>poposcerat</span> <span class='ocrx_word' id='word_1_98' title='bbox 777 1695 882 1766; x_wconf 82' lang='lat' dir='ltr'>hostis,</span> 
     </span>
    </p>

    <p class='ocr_par' dir='ltr' id='par_1_14' title="bbox 67 1792 824 1872">
     <span class='ocr_line' id='line_1_16' title="bbox 67 1792 824 1872; baseline -0.004 -18"><span class='ocrx_word' id='word_1_99' title='bbox 67 1814 155 1854; x_wconf 83' lang='lat' dir='ltr'>arma</span> <span class='ocrx_word' id='word_1_100' title='bbox 169 1800 279 1872; x_wconf 88' lang='lat' dir='ltr'>negate</span> <span class='ocrx_word' id='word_1_101' title='bbox 291 1793 376 1866; x_wconf 92' lang='lat' dir='ltr'>mihi,</span> <span class='ocrx_word' id='word_1_102' title='bbox 387 1793 538 1870; x_wconf 83' lang='lat' dir='ltr'>fueritque</span> <span class='ocrx_word' id='word_1_103' title='bbox 553 1792 711 1870; x_wconf 85' lang='lat' dir='ltr'>benignior</span> <span class='ocrx_word' id='word_1_104' title='bbox 724 1793 805 1850; x_wconf 83' lang='lat' dir='ltr'>Aiax</span> <span class='ocrx_word' id='word_1_105' title='bbox 818 1796 824 1851; x_wconf 83' lang='grc' dir='ltr'>Ι</span> 
     </span>
    </p>

    <p class='ocr_par' dir='ltr' id='par_1_15' title="bbox 67 1890 1021 2065">
     <span class='ocr_line' id='line_1_17' title="bbox 67 1890 1021 1971; baseline -0.005 -20"><span class='ocrx_word' id='word_1_106' title='bbox 67 1893 143 1971; x_wconf 88' lang='lat' dir='ltr'>qnid</span> <span class='ocrx_word' id='word_1_107' title='bbox 158 1891 246 1969; x_wconf 84' lang='lat' dir='ltr'>Lycii</span> <span class='ocrx_word' id='word_1_108' title='bbox 259 1891 389 1950; x_wconf 79' lang='lat' dir='ltr'>referam</span> <span class='ocrx_word' id='word_1_109' title='bbox 403 1890 583 1969; x_wconf 83' lang='lat' dir='ltr'>Sarpedonis</span> <span class='ocrx_word' id='word_1_110' title='bbox 597 1890 717 1968; x_wconf 84' lang='lat' dir='ltr'>agmina</span> <span class='ocrx_word' id='word_1_111' title='bbox 730 1891 811 1948; x_wconf 88' lang='lat' dir='ltr'>ferro</span> <span class='ocrx_word' id='word_1_112' title='bbox 986 1917 1021 1957; x_wconf 73' lang='lat'>2⁵⁵</span> 
     </span>
     <span class='ocr_line' id='line_1_18' title="bbox 68 1986 770 2065; baseline -0.006 -16"><span class='ocrx_word' id='word_1_113' title='bbox 68 1991 232 2049; x_wconf 86' lang='lat' dir='ltr'>devastata</span> <span class='ocrx_word' id='word_1_114' title='bbox 245 1991 330 2047; x_wconf 81' lang='lat' dir='ltr'>maol</span> <span class='ocrx_word' id='word_1_115' title='bbox 352 2007 419 2045; x_wconf 88' lang='lat' dir='ltr'>cum</span> <span class='ocrx_word' id='word_1_116' title='bbox 432 1986 529 2045; x_wconf 89' lang='lat' dir='ltr'>multo</span> <span class='ocrx_word' id='word_1_117' title='bbox 544 1988 689 2065; x_wconf 88' lang='lat' dir='ltr'>sanguine</span> <span class='ocrx_word' id='word_1_118' title='bbox 702 1987 770 2047; x_wconf 87' lang='lat' dir='ltr'>fudi</span> 
     </span>
    </p>

    <p class='ocr_par' dir='ltr' id='par_1_16' title="bbox 67 2084 974 2358">
     <span class='ocr_line' id='line_1_19' title="bbox 68 2084 903 2163; baseline -0.005 -17"><span class='ocrx_word' id='word_1_119' title='bbox 68 2088 229 2147; x_wconf 75' lang='lat' dir='ltr'>Coeranon</span> <span class='ocrx_word' id='word_1_120' title='bbox 242 2086 399 2163; x_wconf 91' lang='lat' dir='ltr'>Iphitiden</span> <span class='ocrx_word' id='word_1_121' title='bbox 412 2090 444 2143; x_wconf 87' lang='lat' dir='ltr'>et</span> <span class='ocrx_word' id='word_1_122' title='bbox 457 2084 659 2161; x_wconf 79' lang='lat' dir='ltr'>Alastoraque</span> <span class='ocrx_word' id='word_1_123' title='bbox 673 2084 903 2161; x_wconf 79' lang='lat' dir='ltr'>Chromiumque</span> 
     </span>
     <span class='ocr_line' id='line_1_20' title="bbox 67 2181 974 2261; baseline -0.006 -17"><span class='ocrx_word' id='word_1_124' title='bbox 67 2184 318 2261; x_wconf 82' lang='lat' dir='ltr'>Alcandrumque</span> <span class='ocrx_word' id='word_1_125' title='bbox 327 2182 512 2260; x_wconf 89' lang='lat' dir='ltr'>Haliumque</span> <span class='ocrx_word' id='word_1_126' title='bbox 525 2181 737 2259; x_wconf 71' lang='lat' dir='ltr'>Noemonaque</span> <span class='ocrx_word' id='word_1_127' title='bbox 747 2181 974 2261; x_wconf 85' lang='lat' dir='ltr'>Prytanimqne,</span> 
     </span>
     <span class='ocr_line' id='line_1_21' title="bbox 68 2278 790 2358; baseline -0.004 -17"><span class='ocrx_word' id='word_1_128' title='bbox 68 2283 225 2358; x_wconf 85' lang='lat' dir='ltr'>exitioque</span> <span class='ocrx_word' id='word_1_129' title='bbox 240 2279 309 2339; x_wconf 89' lang='lat' dir='ltr'>dedi</span> <span class='ocrx_word' id='word_1_130' title='bbox 324 2299 392 2338; x_wconf 89' lang='lat' dir='ltr'>cum</span> <span class='ocrx_word' id='word_1_131' title='bbox 407 2280 654 2339; x_wconf 80' lang='lat' dir='ltr'>Chersidamante</span> <span class='ocrx_word' id='word_1_132' title='bbox 667 2278 790 2338; x_wconf 77' lang='lat' dir='ltr'>Thoona</span> 
     </span>
    </p>

    <p class='ocr_par' dir='ltr' id='par_1_17' title="bbox 67 2376 1024 2652">
     <span class='ocr_line' id='line_1_22' title="bbox 67 2376 1024 2456; baseline -0.005 -16"><span class='ocrx_word' id='word_1_133' title='bbox 67 2388 101 2440; x_wconf 86' lang='lat' dir='ltr'>et</span> <span class='ocrx_word' id='word_1_134' title='bbox 116 2379 293 2456; x_wconf 85' lang='lat' dir='ltr'>Charopem,</span> <span class='ocrx_word' id='word_1_135' title='bbox 307 2378 438 2456; x_wconf 85' lang='lat' dir='ltr'>fatisque</span> <span class='ocrx_word' id='word_1_136' title='bbox 452 2376 611 2441; x_wconf 85' lang='lat' dir='ltr'>inmitibus</span> <span class='ocrx_word' id='word_1_137' title='bbox 625 2377 783 2435; x_wconf 82' lang='lat' dir='ltr'>Ennommr</span> <span class='ocrx_word' id='word_1_138' title='bbox 797 2384 907 2449; x_wconf 84' lang='lat' dir='ltr'>actum,</span> <span class='ocrx_word' id='word_1_139' title='bbox 986 2393 1024 2435; x_wconf 64' lang='lat' dir='ltr'>ree</span> 
     </span>
     <span class='ocr_line' id='line_1_23' title="bbox 68 2473 894 2555; baseline -0.004 -21"><span class='ocrx_word' id='word_1_140' title='bbox 68 2476 183 2555; x_wconf 87' lang='lat' dir='ltr'>quique</span> <span class='ocrx_word' id='word_1_141' title='bbox 196 2474 296 2533; x_wconf 86' lang='lat' dir='ltr'>minue</span> <span class='ocrx_word' id='word_1_142' title='bbox 309 2475 440 2534; x_wconf 87' lang='lat' dir='ltr'>celebres</span> <span class='ocrx_word' id='word_1_143' title='bbox 453 2480 558 2533; x_wconf 90' lang='lat' dir='ltr'>nostra</span> <span class='ocrx_word' id='word_1_144' title='bbox 572 2473 628 2532; x_wconf 88' lang='lat' dir='ltr'>sub</span> <span class='ocrx_word' id='word_1_145' title='bbox 641 2473 796 2534; x_wconf 86' lang='lat' dir='ltr'>moenibus</span> <span class='ocrx_word' id='word_1_146' title='bbox 809 2473 894 2532; x_wconf 83' lang='lat' dir='ltr'>urbis</span> 
     </span>
     <span class='ocr_line' id='line_1_24' title="bbox 69 2569 871 2652; baseline -0.002 -20"><span class='ocrx_word' id='word_1_147' title='bbox 69 2573 256 2652; x_wconf 89' lang='lat' dir='ltr'>procubuere</span> <span class='ocrx_word' id='word_1_148' title='bbox 269 2591 369 2631; x_wconf 88' lang='lat' dir='ltr'>manu.</span> <span class='ocrx_word' id='word_1_149' title='bbox 413 2577 485 2630; x_wconf 90' lang='lat' dir='ltr'>sunt</span> <span class='ocrx_word' id='word_1_150' title='bbox 499 2571 619 2630; x_wconf 89' lang='lat' dir='ltr'>etmihi</span> <span class='ocrx_word' id='word_1_151' title='bbox 633 2569 767 2644; x_wconf 85' lang='lat' dir='ltr'>vulnera,</span> <span class='ocrx_word' id='word_1_152' title='bbox 782 2572 871 2643; x_wconf 88' lang='lat' dir='ltr'>cives,</span> 
     </span>
    </p>
   </div>
   <div class='ocr_carea' id='block_1_3' title="bbox 70 2667 1023 3140">
    <p class='ocr_par' dir='ltr' id='par_1_18' title="bbox 70 2667 818 2751">
     <span class='ocr_line' id='line_1_25' title="bbox 70 2667 818 2751; baseline -0.005 -21"><span class='ocrx_word' id='word_1_153' title='bbox 70 2674 136 2751; x_wconf 81' lang='lat' dir='ltr'>ipso</span> <span class='ocrx_word' id='word_1_154' title='bbox 150 2670 278 2749; x_wconf 85' lang='lat' dir='ltr'>pulchra</span> <span class='ocrx_word' id='word_1_155' title='bbox 291 2669 362 2728; x_wconf 91' lang='lat' dir='ltr'>loco.</span> <span class='ocrx_word' id='word_1_156' title='bbox 406 2688 460 2727; x_wconf 91' lang='lat' dir='ltr'>nec</span> <span class='ocrx_word' id='word_1_157' title='bbox 474 2670 561 2728; x_wconf 86' lang='lat' dir='ltr'>vanis</span> <span class='ocrx_word' id='word_1_158' title='bbox 574 2668 687 2728; x_wconf 88' lang='lat' dir='ltr'>credite</span> <span class='ocrx_word' id='word_1_159' title='bbox 700 2667 818 2727; x_wconf 84' lang='lat' dir='ltr'>verbis:</span> 
     </span>
    </p>

    <p class='ocr_par' dir='ltr' id='par_1_19' title="bbox 70 2765 1023 3040">
     <span class='ocr_line' id='line_1_26' title="bbox 70 2765 954 2848; baseline -0.003 -20"><span class='ocrx_word' id='word_1_160' title='bbox 70 2770 200 2848; x_wconf 85' lang='lat' dir='ltr'>aspicite</span> <span class='ocrx_word' id='word_1_161' title='bbox 214 2787 252 2826; x_wconf 91' lang='lat' dir='ltr'>en</span> <span class='ocrx_word' id='word_1_162' title='bbox 266 2769 289 2826; x_wconf 80' lang='lat' dir='ltr'>l&#39;</span> <span class='ocrx_word' id='word_1_163' title='bbox 304 2772 477 2843; x_wconf 87' lang='lat' dir='ltr'>vestemque</span> <span class='ocrx_word' id='word_1_164' title='bbox 491 2784 582 2823; x_wconf 92' lang='lat' dir='ltr'>manu</span> <span class='ocrx_word' id='word_1_165' title='bbox 596 2765 718 2824; x_wconf 83' lang='lat' dir='ltr'>diduxit</span> <span class='ocrx_word' id='word_1_166' title='bbox 731 2771 763 2823; x_wconf 93' lang='lat' dir='ltr'>et</span> <span class='ocrx_word' id='word_1_167' title='bbox 778 2766 867 2824; x_wconf 85' lang='lat' dir='ltr'>‘haec</span> <span class='ocrx_word' id='word_1_168' title='bbox 881 2771 954 2825; x_wconf 87' lang='lat' dir='ltr'>sunt</span> 
     </span>
     <span class='ocr_line' id='line_1_27' title="bbox 71 2862 1023 2946; baseline -0.004 -22"><span class='ocrx_word' id='word_1_169' title='bbox 71 2872 196 2946; x_wconf 87' lang='lat' dir='ltr'>pectora</span> <span class='ocrx_word' id='word_1_170' title='bbox 210 2862 343 2943; x_wconf 84' lang='lat' dir='ltr'>semper&#39;</span> <span class='ocrx_word' id='word_1_171' title='bbox 358 2863 403 2922; x_wconf 85' lang='lat' dir='ltr'>ait</span> <span class='ocrx_word' id='word_1_172' title='bbox 418 2863 547 2922; x_wconf 83' lang='lat' dir='ltr'>‘vestris</span> <span class='ocrx_word' id='word_1_173' title='bbox 560 2863 693 2922; x_wconf 87' lang='lat' dir='ltr'>exercita</span> <span class='ocrx_word' id='word_1_174' title='bbox 705 2862 802 2922; x_wconf 90' lang='lat' dir='ltr'>rebus.</span> <span class='ocrx_word' id='word_1_175' title='bbox 988 2881 1023 2931; x_wconf 55' lang='grc' dir='ltr'>,σς</span> 
     </span>
     <span class='ocr_line' id='line_1_28' title="bbox 71 2959 761 3040; baseline -0.006 -17"><span class='ocrx_word' id='word_1_176' title='bbox 71 2971 106 3023; x_wconf 84' lang='lat' dir='ltr'>at</span> <span class='ocrx_word' id='word_1_177' title='bbox 120 2962 168 3022; x_wconf 90' lang='lat' dir='ltr'>nil</span> <span class='ocrx_word' id='word_1_178' title='bbox 181 2962 321 3040; x_wconf 89' lang='lat' dir='ltr'>inpendit</span> <span class='ocrx_word' id='word_1_179' title='bbox 335 2979 388 3040; x_wconf 91' lang='lat' dir='ltr'>per</span> <span class='ocrx_word' id='word_1_180' title='bbox 400 2966 449 3019; x_wconf 89' lang='lat' dir='ltr'>tot</span> <span class='ocrx_word' id='word_1_181' title='bbox 462 2959 653 3019; x_wconf 79' lang='lat' dir='ltr'>Telamonius</span> <span class='ocrx_word' id='word_1_182' title='bbox 667 2979 761 3019; x_wconf 87' lang='lat' dir='ltr'>annos</span> 
     </span>
    </p>

    <p class='ocr_par' dir='ltr' id='par_1_20' title="bbox 71 3056 893 3140">
     <span class='ocr_line' id='line_1_29' title="bbox 71 3056 893 3140; baseline -0.002 -20"><span class='ocrx_word' id='word_1_183' title='bbox 71 3059 232 3140; x_wconf 79' lang='lat' dir='ltr'>sanguinis</span> <span class='ocrx_word' id='word_1_184' title='bbox 244 3059 278 3116; x_wconf 91' lang='lat' dir='ltr'>in</span> <span class='ocrx_word' id='word_1_185' title='bbox 292 3058 393 3130; x_wconf 88' lang='lat' dir='ltr'>socios,</span> <span class='ocrx_word' id='word_1_186' title='bbox 408 3062 440 3117; x_wconf 89' lang='lat' dir='ltr'>et</span> <span class='ocrx_word' id='word_1_187' title='bbox 454 3056 547 3116; x_wconf 87' lang='lat' dir='ltr'>habet</span> <span class='ocrx_word' id='word_1_188' title='bbox 560 3058 625 3116; x_wconf 90' lang='lat' dir='ltr'>sine</span> <span class='ocrx_word' id='word_1_189' title='bbox 639 3057 765 3116; x_wconf 88' lang='lat' dir='ltr'>vulnere</span> <span class='ocrx_word' id='word_1_190' title='bbox 778 3075 893 3135; x_wconf 80' lang='lat' dir='ltr'>corpus.</span> 
     </span>
    </p>
   </div>
   <div class='ocr_carea' id='block_1_4' title="bbox 181 3172 909 3238">
    <p class='ocr_par' dir='ltr' id='par_1_21' title="bbox 181 3172 909 3238">
     <span class='ocr_line' id='line_1_30' title="bbox 181 3172 909 3238; baseline -0.005 -11"><span class='ocrx_word' id='word_1_191' title='bbox 181 3179 229 3227; x_wconf 76' lang='lat'>243</span> <span class='ocrx_word' id='word_1_192' title='bbox 246 3176 282 3226; x_wconf 85' lang='lat' dir='ltr'>sic</span> <span class='ocrx_word' id='word_1_193' title='bbox 293 3174 362 3226; x_wconf 68' lang='lat' dir='ltr'>lala</span> <span class='ocrx_word' id='word_1_194' title='bbox 447 3175 495 3223; x_wconf 76' lang='lat'>244</span> <span class='ocrx_word' id='word_1_195' title='bbox 511 3188 601 3223; x_wconf 88' lang='lat' dir='ltr'>ausum</span> <span class='ocrx_word' id='word_1_196' title='bbox 611 3172 698 3224; x_wconf 84' lang='lat' dir='ltr'>eadem</span> <span class='ocrx_word' id='word_1_197' title='bbox 709 3188 772 3238; x_wconf 83' lang='lat' dir='ltr'>quae</span> <span class='ocrx_word' id='word_1_198' title='bbox 783 3188 829 3223; x_wconf 85' lang='lat' dir='ltr'>noe</span> <span class='ocrx_word' id='word_1_199' title='bbox 840 3172 909 3224; x_wconf 68' lang='lat' dir='ltr'>lan</span> 
     </span>
    </p>
   </div>
   <div class='ocr_carea' id='block_1_5' title="bbox 0 0 1179 3848">
    <p class='ocr_par' dir='ltr' id='par_1_22' title="bbox 0 0 1179 3848">
     <span class='ocr_line' id='line_1_31' title="bbox 0 0 1179 3848; baseline 0 0"><span class='ocrx_word' id='word_1_200' title='bbox 0 0 1179 3848; x_wconf 95' lang='lat' dir='ltr'> </span> 
     </span>
    </p>
   </div>
  </div>
 </body>
</html>
